2776 4906
623 339 841 409 -52-

253 539 326 606 ἰόοό
349 537 490 620 θέασαι,
512 537 592 620 κούχ
615 530 769 611 ἅπαντας
792 535 928 624 ἐκφέρω.
1082 536 1165 618 Equ.
1189 535 1255 603 996

207 646 318 730 ..οἴμ’
342 644 384 720 ὥς
407 651 536 728 χεσείω,
558 643 638 727 κοιίχ
662 636 817 718 ἄπαντας
840 642 976 728 ἐκφέρω.

92 773 293 858 Sagittarius
317 791 452 854 quoque,
476 771 566 837 cuius
591 771 631 836 de
652 768 804 838 versibus
826 769 1005 835 laxissimis
1028 788 1129 851 supra
1152 769 1221 834 dixi
1245 767 1295 854 (in
1320 770 1374 835 ad-

91 879 260 947 notatione
275 900 328 964 pg.
340 875 408 963 34),
431 897 502 944 cum
517 877 753 944 Mnesilochum
770 877 893 943 ducens
908 877 1055 959 prodeat,
1077 877 1206 943 initium
1221 877 1374 958 loquendi

92 1005 191 1056 versu
212 986 407 1053 indissoluto
430 983 528 1051 facit:

252 1109 396 1174 ἐνταῦτα
418 1113 478 1174 νόν
502 1106 619 1191 οἰμῶξι
641 1107 725 1192 πρός
747 1107 809 1190 τὴν
831 1104 973 1191 αἰτρίαν.
1081 1110 1210 1177 Thesm.
1235 1107 1321 1174 1001

199 1237 264 1303 Sed
286 1236 351 1302 iam
375 1235 457 1303 satis
482 1235 585 1300 multa
608 1233 756 1317 exempla
771 1233 848 1299 mihi
864 1234 1016 1300 attulisse
1032 1234 1154 1316 videor,
1178 1234 1374 1317 praesertim

92 1364 164 1411 cum
190 1363 313 1424 verear,
336 1362 378 1409 ne
401 1342 468 1410 sint
491 1341 546 1423 qui
569 1341 681 1407 dicant
704 1340 832 1407 omniuo
855 1340 969 1406 mirum
985 1360 1050 1406 non
1067 1360 1149 1422 esse,
1173 1343 1259 1423 quod
1274 1344 1376 1424 poeta

92 1470 286 1517 scaenarum
308 1449 436 1516 initium
458 1447 608 1516 versibus
633 1447 715 1514 artis
738 1447 950 1532 elegantioris
974 1447 1133 1514 distinxit.

717 1678 747 1745 5.

198 1805 322 1872 Eodem
355 1806 449 1871 modo
484 1824 546 1886 quo
581 1804 615 1869 in
645 1803 738 1870 initio
770 1822 978 1884 scaenarum,
1012 1804 1046 1869 in
1079 1804 1144 1870 fine
1178 1824 1377 1871 scaenarum

92 1912 205 1979 comici
228 1914 346 1994 poetae
367 1932 437 1978 rem
459 1911 628 1978 metricam
651 1910 841 1994 diligentius
865 1931 980 1977 curare
1004 1912 1119 1978 solent.
1157 1913 1230 1978 Hoc
1247 1931 1378 1994 quoque

91 2019 205 2085 mirum
229 2037 293 2084 nou
317 2037 391 2085 esse
415 2018 504 2084 dicat
526 2017 687 2098 fortasse,
718 2018 769 2084 cui
800 2038 841 2084 ex
864 2017 1096 2100 Shakespearii
1127 2019 1198 2087 sive
1223 2019 1379 2085 Schilleri

91 2123 212 2191 fabulis
235 2125 269 2190 id
292 2128 404 2191 notum
435 2128 487 2192 est
510 2124 700 2191 distinxisse
730 2125 804 2191 illos
835 2144 1028 2191 scaenarum
1054 2127 1108 2192 vel
1136 2128 1269 2192 actuum
1293 2125 1378 2192 fines

91 2250 245 2300 versuum
276 2231 431 2298 clausulis
460 2231 548 2298 inter
578 2251 615 2298 se
646 2232 910 2299 consonantibus.
955 2234 1079 2298 'lamen
1108 2236 1142 2299 et
1172 2233 1378 2300 Graecorum

91 2343 261 2422 poetarum
285 2338 457 2405 artificium
481 2339 613 2424 dignum
636 2342 704 2420 est,
735 2339 820 2420 quod
843 2339 1029 2406 accuratius
1054 2339 1290 2421 consideretur,
1322 2341 1379 2422 qui

91 2446 217 2513 scilicet
240 2466 305 2512 non
320 2447 583 2513 homoeoteleuta
605 2447 664 2513 sed
681 2446 799 2530 pedum
814 2449 942 2513 tautum
958 2448 1157 2514 structuram
1173 2447 1377 2514 exactiorem

92 2554 134 2620 ad
157 2553 280 2621 exitum
303 2553 552 2638 significandum
575 2553 785 2620 adhibebant.

197 2678 413 2761 Inspiciamus
436 2679 600 2762 exempla:

251 2783 313 2868 τὴν
335 2783 456 2849 ἀσπίδ’
472 2784 568 2868 αἰρον
589 2784 645 2848 καὶ
668 2782 777 2866 βάδιζ’
802 2778 827 2846 τό
850 2788 919 2848 παί
936 2784 1059 2869 λαβών.
1081 2789 1161 2854 Ach.
1186 2786 1276 2853 1140

255 2889 329 2956 idon)
351 2891 480 2975 βάδιζε.
501 2890 608 2977 μηδὲν
630 2889 716 2976 ἡμᾶς
739 2888 867 2974 ἰσχέτω.
1081 2895 1163 2976 Eun.
1188 2893 1255 2960 724

251 2997 372 3083 βάδιζε
393 3003 506 3063 τοίνυν
527 2992 681 3083 ὕστερος·
705 2997 746 3063 σύ
771 2997 801 3062 δ’
823 2991 848 3061 οἰ
870 3003 974 3064 Σίκων
1082 2999 1261 3068 11661867

251 3105 306 3169 καί
330 3104 513 3189 Παρμένων
536 3104 676 3190 αἴρεσθε
698 3103 760 3190 τὴν
783 3111 996 3193 παμπησίαν.

224 3209 376 3296 ‘'deidei'‘
401 3209 461 3293 ἐγὼ
485 3210 523 3275 ot
547 3229 609 3276 σον
630 3211 774 3276 κατόπιν
796 3210 998 3298 εἰσέρχομαι.
1080 3216 1164 3281 Plut.
1190 3213 1280 3281 1004

253 3315 387 3382 ἄπελθε
409 3319 545 3405 ταντηνί
568 3317 690 3401 λαβών.
713 3375 749 3382 -
773 3317 972 3404 ἀπέρχομαι.
1083 3324 1163 3389 Ach.
1188 3320 1255 3389 465

253 3422 386 3490 ἄπελθε
408 3426 541 3489 τοντονί
564 3425 685 3510 λαβών.
709 3483 744 3489 -
768 3425 968 3510 ἀπέρχομαι.
1080 3433 1142 3498 AV.
1166 3429 1233 3496 948

253 3529 379 3597 ἄπελθ’
396 3530 455 3617 ἀφ’
470 3530 563 3616 ἡμῶν
585 3534 642 3596 καί
665 3531 707 3597 σύ
729 3533 785 3596 καὶ
808 3531 850 3597 τό
875 3533 1058 3618 στέμματα.
1082 3539 1144 3604 AV.
1167 3535 1235 3603 803

251 3641 307 3703 καὶ
330 3638 553 3714 ξυσταθεύσω
573 3643 702 3705 τοῦτον.
726 3638 798 3704 ἄλλ’
819 3639 1000 3705 ἀπέλθετε.
1083 3645 1160 3727 Lys.
1184 3643 1253 3710 844

757 3746 828 3811 ἀλλ’
851 3748 984 3812 εἴσιτον.
1083 3751 1165 3817 Rau.
1189 3749 1257 3818 660

253 3853 271 3917 ὁ
296 3853 464 3939 δεσπότης
485 3852 547 3939 χοίρ
571 3853 672 3930 αὐτὸς
694 3854 779 3938 ὑμᾶς
800 3855 961 3938 γνώσεται

252 3960 293 4047 χή
322 3959 538 4045 Φερσεφᾶτθ’
562 3953 614 4025 ἄν’
638 3959 713 4026 ἄντε
733 3960 871 4026 κᾶκείνὼ
894 3964 976 4028 θεώ.

252 4067 325 4132 ἄλλ’
345 4066 455 4136 εἴσιθ’.
479 4068 521 4143 ὡς
543 4068 583 4132 τό
607 4068 729 4155 πρᾶγμ’
745 4067 874 4153 ἐλέγξαι
888 4070 1062 4156 βούλομαι
1084 4074 1185 4140 Arist.
1212 4075 1254 4143 fr'.
1281 4077 1350 4146 246

251 4180 361 4240 τοντί·
385 4200 413 4244 κ.
427 4198 455 4243 τ.
471 4174 499 4244 λ.
958 4217 962 4225 -

492 4281 541 4366 ἄγ’
565 4282 606 4358 ὥς
628 4283 757 4369 τάχιστ’
782 4285 815 4359 ἐς
837 4285 898 4370 τὴν
920 4284 1047 4371 λόχμην
1080 4289 1141 4354 AV.
1165 4286 1234 4355 207

215 4391 220 4400 ’
253 4387 388 4476 έσβαινε
408 4388 575 4478 κάνέγειρε
596 4391 658 4477 τὴν
680 4390 820 4478 ἄηόόνα.
