<?xml version="1.0" encoding="UTF-8"?>
<!DOCTYPE html PUBLIC "-//W3C//DTD XHTML 1.0 Transitional//EN"
    "http://www.w3.org/TR/xhtml1/DTD/xhtml1-transitional.dtd">
<html xmlns="http://www.w3.org/1999/xhtml" xml:lang="en" lang="en">
 <head>
  <title>
</title>
<meta http-equiv="Content-Type" content="text/html;charset=utf-8" />
  <meta name='ocr-system' content='tesseract 3.04.00' />
  <meta name='ocr-capabilities' content='ocr_page ocr_carea ocr_par ocr_line ocrx_word'/>
</head>
<body>
  <div class='ocr_page' id='page_1' title='image "./dearistophanist00klaugoog_0090.png"; bbox 0 0 2776 4906; ppageno 0'>
   <div class='ocr_carea' id='block_1_1' title="bbox 597 351 818 422">
    <p class='ocr_par' dir='ltr' id='par_1_1' title="bbox 597 351 818 422">
     <span class='ocr_line' id='line_1_1' title="bbox 597 351 818 422; baseline -0.005 -16"><span class='ocrx_word' id='word_1_1' title='bbox 597 351 818 422; x_wconf 72' lang='lat'>..70-</span> 
     </span>
    </p>
   </div>
   <div class='ocr_carea' id='block_1_2' title="bbox 69 542 1357 1612">
    <p class='ocr_par' dir='ltr' id='par_1_2' title="bbox 78 542 1355 954">
     <span class='ocr_line' id='line_1_2' title="bbox 92 542 1305 636; baseline -0.005 -21"><span class='ocrx_word' id='word_1_2' title='bbox 92 575 95 581; x_wconf 90' lang='lat'><strong>·</strong></span> <span class='ocrx_word' id='word_1_3' title='bbox 226 551 284 615; x_wconf 75' lang='lat' dir='ltr'>mi</span> <span class='ocrx_word' id='word_1_4' title='bbox 298 550 363 635; x_wconf 77' lang='grc' dir='ltr'>γὰρ,</span> <span class='ocrx_word' id='word_1_5' title='bbox 375 548 576 636; x_wconf 74' lang='grc' dir='ltr'><strong><em>Προμηθεύς</em></strong></span> <span class='ocrx_word' id='word_1_6' title='bbox 597 548 687 613; x_wconf 78' lang='grc' dir='ltr'><strong><em>ἐστιν</em></strong></span> <span class='ocrx_word' id='word_1_7' title='bbox 702 547 898 632; x_wconf 73' lang='grc' dir='ltr'><strong><em>ἀνθρώποις</em></strong></span> <span class='ocrx_word' id='word_1_8' title='bbox 915 548 932 611; x_wconf 87' lang='grc' dir='ltr'><em>ὃ</em></span> <span class='ocrx_word' id='word_1_9' title='bbox 949 551 1037 622; x_wconf 81' lang='grc' dir='ltr'><strong><em>νοῦς.</em></strong></span> <span class='ocrx_word' id='word_1_10' title='bbox 1062 548 1149 614; x_wconf 86' lang='lat' dir='ltr'>Plat.</span> <span class='ocrx_word' id='word_1_11' title='bbox 1174 544 1214 612; x_wconf 85' lang='lat' dir='ltr'>fr.</span> <span class='ocrx_word' id='word_1_12' title='bbox 1240 542 1305 610; x_wconf 88' lang='grc'>136</span> 
     </span>
     <span class='ocr_line' id='line_1_3' title="bbox 230 649 1355 739; baseline -0.004 -18"><span class='ocrx_word' id='word_1_13' title='bbox 230 657 265 721; x_wconf 82' lang='grc' dir='ltr'>ἒν</span> <span class='ocrx_word' id='word_1_14' title='bbox 287 660 334 739; x_wconf 77' lang='grc' dir='ltr'>τῷ</span> <span class='ocrx_word' id='word_1_15' title='bbox 355 654 494 739; x_wconf 82' lang='grc' dir='ltr'><strong><em>καπήλῳ</em></strong></span> <span class='ocrx_word' id='word_1_16' title='bbox 520 660 597 729; x_wconf 82' lang='grc' dir='ltr'><strong><em>νοῦς</em></strong></span> <span class='ocrx_word' id='word_1_17' title='bbox 621 655 745 720; x_wconf 78' lang='grc' dir='ltr'><strong><em>ἐνεῖναί</em></strong></span> <span class='ocrx_word' id='word_1_18' title='bbox 764 676 822 736; x_wconf 82' lang='grc' dir='ltr'>μοι</span> <span class='ocrx_word' id='word_1_19' title='bbox 845 655 944 718; x_wconf 81' lang='grc' dir='ltr'><strong><em>δοκεῖ.</em></strong></span> <span class='ocrx_word' id='word_1_20' title='bbox 1061 656 1148 720; x_wconf 87' lang='lat' dir='ltr'>Plat.</span> <span class='ocrx_word' id='word_1_21' title='bbox 1171 653 1212 719; x_wconf 84' lang='lat' dir='ltr'>fr.</span> <span class='ocrx_word' id='word_1_22' title='bbox 1239 649 1314 733; x_wconf 81' lang='grc'>174,</span> <span class='ocrx_word' id='word_1_23' title='bbox 1336 650 1355 716; x_wconf 74' lang='lat'>4</span> 
     </span>
     <span class='ocr_line' id='line_1_4' title="bbox 228 757 1354 847; baseline -0.003 -19.47"><span class='ocrx_word' id='word_1_24' title='bbox 228 763 355 847; x_wconf 77' lang='grc' dir='ltr'><strong><em>λύχνων</em></strong></span> <span class='ocrx_word' id='word_1_25' title='bbox 376 760 438 846; x_wconf 76' lang='grc' dir='ltr'>γὰρ</span> <span class='ocrx_word' id='word_1_26' title='bbox 462 761 563 845; x_wconf 79' lang='grc' dir='ltr'><strong><em>ὀςμάς</em></strong></span> <span class='ocrx_word' id='word_1_27' title='bbox 586 760 625 826; x_wconf 80' lang='grc' dir='ltr'>οὐ</span> <span class='ocrx_word' id='word_1_28' title='bbox 649 761 785 845; x_wconf 83' lang='grc' dir='ltr'><strong><em>φιλοῦσι</em></strong></span> <span class='ocrx_word' id='word_1_29' title='bbox 808 763 972 844; x_wconf 81' lang='grc' dir='ltr'><strong><em>δαίμονος.</em></strong></span> <span class='ocrx_word' id='word_1_30' title='bbox 1061 757 1354 840; x_wconf 82' lang='lat' dir='ltr'>Plat.fr.1174,15</span> 
     </span>
     <span class='ocr_line' id='line_1_5' title="bbox 228 864 1355 954; baseline -0.003 -20"><span class='ocrx_word' id='word_1_31' title='bbox 228 869 248 954; x_wconf 82' lang='grc' dir='ltr'><em>ἦ</em></span> <span class='ocrx_word' id='word_1_32' title='bbox 272 871 354 952; x_wconf 78' lang='grc' dir='ltr'><strong><em>τρὺξ</em></strong></span> <span class='ocrx_word' id='word_1_33' title='bbox 377 865 516 953; x_wconf 72' lang='grc' dir='ltr'><strong><em>ἄριστόν</em></strong></span> <span class='ocrx_word' id='word_1_34' title='bbox 539 867 630 932; x_wconf 80' lang='grc' dir='ltr'><strong><em>ἐστιν</em></strong></span> <span class='ocrx_word' id='word_1_35' title='bbox 654 865 699 941; x_wconf 79' lang='grc' dir='ltr'>εἰς</span> <span class='ocrx_word' id='word_1_36' title='bbox 721 867 907 951; x_wconf 80' lang='grc' dir='ltr'><strong><em>εὐβουλίαν.</em></strong></span> <span class='ocrx_word' id='word_1_37' title='bbox 1060 870 1183 951; x_wconf 82' lang='lat' dir='ltr'><strong>Theop.</strong></span> <span class='ocrx_word' id='word_1_38' title='bbox 1199 867 1241 934; x_wconf 83' lang='lat' dir='ltr'>fr.</span> <span class='ocrx_word' id='word_1_39' title='bbox 1264 864 1355 947; x_wconf 59' lang='lat'>624</span> 
     </span>
    </p>

    <p class='ocr_par' dir='ltr' id='par_1_3' title="bbox 69 972 1357 1504">
     <span class='ocr_line' id='line_1_6' title="bbox 229 972 1315 1060; baseline -0.003 -18"><span class='ocrx_word' id='word_1_40' title='bbox 229 978 280 1051; x_wconf 80' lang='grc' dir='ltr'>δὶς</span> <span class='ocrx_word' id='word_1_41' title='bbox 303 977 423 1050; x_wconf 81' lang='grc' dir='ltr'><strong><em>παῖδες</em></strong></span> <span class='ocrx_word' id='word_1_42' title='bbox 446 973 480 1038; x_wconf 79' lang='grc' dir='ltr'>οἱ</span> <span class='ocrx_word' id='word_1_43' title='bbox 499 974 648 1057; x_wconf 77' lang='grc' dir='ltr'><strong><em>γέροντες</em></strong></span> <span class='ocrx_word' id='word_1_44' title='bbox 673 972 766 1060; x_wconf 74' lang='grc' dir='ltr'><strong><em>ὀρθῷ</em></strong></span> <span class='ocrx_word' id='word_1_45' title='bbox 788 976 834 1055; x_wconf 81' lang='grc' dir='ltr'>τῷ</span> <span class='ocrx_word' id='word_1_46' title='bbox 857 972 951 1057; x_wconf 80' lang='grc' dir='ltr'><strong><em>λόγῳ.</em></strong></span> <span class='ocrx_word' id='word_1_47' title='bbox 1059 977 1181 1059; x_wconf 77' lang='lat' dir='ltr'>Theop.</span> <span class='ocrx_word' id='word_1_48' title='bbox 1204 974 1247 1041; x_wconf 79' lang='lat' dir='ltr'>fr.</span> <span class='ocrx_word' id='word_1_49' title='bbox 1271 972 1315 1039; x_wconf 83' lang='lat'>69</span> 
     </span>
     <span class='ocr_line' id='line_1_7' title="bbox 105 1079 1354 1168; baseline -0.001 -20"><span class='ocrx_word' id='word_1_50' title='bbox 105 1125 114 1135; x_wconf 64' lang='lat'>›-</span> <span class='ocrx_word' id='word_1_51' title='bbox 229 1081 350 1168; x_wconf 81' lang='grc' dir='ltr'><em>σφόδρ’</em></span> <span class='ocrx_word' id='word_1_52' title='bbox 374 1079 652 1166; x_wconf 65' lang='lat' dir='ltr'>adoratorium</span> <span class='ocrx_word' id='word_1_53' title='bbox 675 1080 695 1166; x_wconf 82' lang='grc' dir='ltr'>ἡ</span> <span class='ocrx_word' id='word_1_54' title='bbox 721 1086 877 1167; x_wconf 82' lang='grc' dir='ltr'><strong><em>πονηρία.</em></strong></span> <span class='ocrx_word' id='word_1_55' title='bbox 1060 1083 1204 1150; x_wconf 82' lang='lat' dir='ltr'>Demetr.</span> <span class='ocrx_word' id='word_1_56' title='bbox 1222 1081 1263 1147; x_wconf 85' lang='lat' dir='ltr'>fr.</span> <span class='ocrx_word' id='word_1_57' title='bbox 1281 1079 1354 1160; x_wconf 81' lang='grc'>4,1.</span> 
     </span>
     <span class='ocr_line' id='line_1_8' title="bbox 177 1206 1357 1288; baseline -0.004 -12"><span class='ocrx_word' id='word_1_58' title='bbox 177 1211 315 1276; x_wconf 81' lang='lat' dir='ltr'>Praeter</span> <span class='ocrx_word' id='word_1_59' title='bbox 337 1207 475 1274; x_wconf 84' lang='lat' dir='ltr'>formam</span> <span class='ocrx_word' id='word_1_60' title='bbox 490 1226 653 1288; x_wconf 90' lang='lat' dir='ltr'>versuum,</span> <span class='ocrx_word' id='word_1_61' title='bbox 677 1226 757 1288; x_wconf 90' lang='lat' dir='ltr'>quos</span> <span class='ocrx_word' id='word_1_62' title='bbox 773 1206 879 1286; x_wconf 89' lang='lat' dir='ltr'>attuli,</span> <span class='ocrx_word' id='word_1_63' title='bbox 902 1207 1076 1273; x_wconf 90' lang='lat' dir='ltr'>multitudo</span> <span class='ocrx_word' id='word_1_64' title='bbox 1093 1226 1220 1288; x_wconf 90' lang='lat' dir='ltr'>quoque</span> <span class='ocrx_word' id='word_1_65' title='bbox 1235 1226 1357 1272; x_wconf 94' lang='lat' dir='ltr'>memo·</span> 
     </span>
     <span class='ocr_line' id='line_1_9' title="bbox 70 1297 1355 1394; baseline -0.002 -12"><span class='ocrx_word' id='word_1_66' title='bbox 70 1317 183 1384; x_wconf 91' lang='lat' dir='ltr'>rabilis</span> <span class='ocrx_word' id='word_1_67' title='bbox 206 1320 258 1382; x_wconf 88' lang='lat' dir='ltr'>est</span> <span class='ocrx_word' id='word_1_68' title='bbox 282 1315 528 1394; x_wconf 85' lang='lat' dir='ltr'>sententiarum,</span> <span class='ocrx_word' id='word_1_69' title='bbox 556 1333 639 1394; x_wconf 91' lang='lat' dir='ltr'>quae</span> <span class='ocrx_word' id='word_1_70' title='bbox 662 1314 697 1380; x_wconf 93' lang='lat' dir='ltr'>in</span> <span class='ocrx_word' id='word_1_71' title='bbox 719 1313 808 1379; x_wconf 89' lang='lat' dir='ltr'>Pluti</span> <span class='ocrx_word' id='word_1_72' title='bbox 831 1297 946 1380; x_wconf 82' lang='lat' dir='ltr'>fabula</span> <span class='ocrx_word' id='word_1_73' title='bbox 967 1314 1188 1382; x_wconf 89' lang='lat' dir='ltr'>inveniuntur.</span> <span class='ocrx_word' id='word_1_74' title='bbox 1235 1315 1355 1380; x_wconf 91' lang='lat' dir='ltr'>Postu-</span> 
     </span>
     <span class='ocr_line' id='line_1_10' title="bbox 69 1420 1355 1504; baseline -0.002 -15"><span class='ocrx_word' id='word_1_75' title='bbox 69 1423 153 1491; x_wconf 88' lang='lat' dir='ltr'>lavit</span> <span class='ocrx_word' id='word_1_76' title='bbox 175 1443 256 1490; x_wconf 89' lang='lat' dir='ltr'>sane</span> <span class='ocrx_word' id='word_1_77' title='bbox 279 1420 362 1488; x_wconf 90' lang='lat' dir='ltr'>talia</span> <span class='ocrx_word' id='word_1_78' title='bbox 386 1421 480 1487; x_wconf 93' lang='lat' dir='ltr'>huius</span> <span class='ocrx_word' id='word_1_79' title='bbox 496 1420 629 1487; x_wconf 86' lang='lat' dir='ltr'>fabulae</span> <span class='ocrx_word' id='word_1_80' title='bbox 646 1425 881 1504; x_wconf 82' lang='lat' dir='ltr'>argumentum,</span> <span class='ocrx_word' id='word_1_81' title='bbox 906 1420 999 1487; x_wconf 93' lang='lat' dir='ltr'>simul</span> <span class='ocrx_word' id='word_1_82' title='bbox 1016 1440 1095 1488; x_wconf 82' lang='lat' dir='ltr'>vero</span> <span class='ocrx_word' id='word_1_83' title='bbox 1111 1421 1355 1504; x_wconf 87' lang='lat' dir='ltr'>respiciendum</span> 
     </span>
    </p>

    <p class='ocr_par' dir='ltr' id='par_1_4' title="bbox 70 1527 1305 1612">
     <span class='ocr_line' id='line_1_11' title="bbox 70 1527 1305 1612; baseline -0.003 -15"><span class='ocrx_word' id='word_1_84' title='bbox 70 1534 121 1597; x_wconf 89' lang='lat' dir='ltr'>est</span> <span class='ocrx_word' id='word_1_85' title='bbox 145 1534 255 1596; x_wconf 90' lang='lat' dir='ltr'>aetate</span> <span class='ocrx_word' id='word_1_86' title='bbox 278 1528 514 1612; x_wconf 78' lang='lat' dir='ltr'>provectiorem</span> <span class='ocrx_word' id='word_1_87' title='bbox 537 1529 790 1610; x_wconf 81' lang='lat' dir='ltr'>Aristophanem</span> <span class='ocrx_word' id='word_1_88' title='bbox 814 1527 917 1593; x_wconf 84' lang='lat' dir='ltr'>fuisse</span> <span class='ocrx_word' id='word_1_89' title='bbox 941 1547 1011 1594; x_wconf 92' lang='lat' dir='ltr'>cum</span> <span class='ocrx_word' id='word_1_90' title='bbox 1037 1548 1109 1594; x_wconf 88' lang='lat' dir='ltr'>eam</span> <span class='ocrx_word' id='word_1_91' title='bbox 1132 1528 1305 1596; x_wconf 84' lang='lat' dir='ltr'>scriberet.</span> 
     </span>
    </p>
   </div>
   <div class='ocr_carea' id='block_1_3' title="bbox 30 1831 1358 2434">
    <p class='ocr_par' dir='ltr' id='par_1_5' title="bbox 30 1831 1358 2434">
     <span class='ocr_line' id='line_1_12' title="bbox 173 1831 1355 1915; baseline -0.001 -16"><span class='ocrx_word' id='word_1_92' title='bbox 173 1833 243 1899; x_wconf 93' lang='lat' dir='ltr'>Iam</span> <span class='ocrx_word' id='word_1_93' title='bbox 267 1833 310 1898; x_wconf 92' lang='lat' dir='ltr'>ad</span> <span class='ocrx_word' id='word_1_94' title='bbox 331 1833 428 1898; x_wconf 86' lang='lat' dir='ltr'>linem</span> <span class='ocrx_word' id='word_1_95' title='bbox 450 1833 657 1915; x_wconf 83' lang='lat' dir='ltr'>pervenimus</span> <span class='ocrx_word' id='word_1_96' title='bbox 682 1831 883 1912; x_wconf 85' lang='lat' dir='ltr'>quaestionis</span> <span class='ocrx_word' id='word_1_97' title='bbox 907 1851 998 1898; x_wconf 88' lang='lat' dir='ltr'>meae</span> <span class='ocrx_word' id='word_1_98' title='bbox 1022 1831 1126 1914; x_wconf 91' lang='lat' dir='ltr'>partis</span> <span class='ocrx_word' id='word_1_99' title='bbox 1150 1831 1236 1914; x_wconf 86' lang='lat' dir='ltr'>eius,</span> <span class='ocrx_word' id='word_1_100' title='bbox 1268 1851 1355 1914; x_wconf 90' lang='lat' dir='ltr'>quac</span> 
     </span>
     <span class='ocr_line' id='line_1_13' title="bbox 30 1938 1358 2023; baseline 0.002 -19"><span class='ocrx_word' id='word_1_101' title='bbox 30 1962 33 1967; x_wconf 45' lang='lat'>&gt;</span> <span class='ocrx_word' id='word_1_102' title='bbox 69 1940 132 2005; x_wconf 86' lang='lat' dir='ltr'>fuit</span> <span class='ocrx_word' id='word_1_103' title='bbox 155 1940 195 2004; x_wconf 89' lang='lat' dir='ltr'>de</span> <span class='ocrx_word' id='word_1_104' title='bbox 218 1939 375 2006; x_wconf 91' lang='lat' dir='ltr'>trimetris</span> <span class='ocrx_word' id='word_1_105' title='bbox 399 1939 557 2005; x_wconf 90' lang='lat' dir='ltr'>sermonis</span> <span class='ocrx_word' id='word_1_106' title='bbox 581 1938 780 2022; x_wconf 87' lang='lat' dir='ltr'>gravitatem</span> <span class='ocrx_word' id='word_1_107' title='bbox 803 1939 909 2004; x_wconf 86' lang='lat' dir='ltr'>forma</span> <span class='ocrx_word' id='word_1_108' title='bbox 932 1938 1124 2021; x_wconf 83' lang='lat' dir='ltr'>expolitiore</span> <span class='ocrx_word' id='word_1_109' title='bbox 1141 1939 1358 2023; x_wconf 87' lang='lat' dir='ltr'>augentibus.</span> 
     </span>
     <span class='ocr_line' id='line_1_14' title="bbox 68 2045 1356 2138; baseline 0.002 -27"><span class='ocrx_word' id='word_1_110' title='bbox 68 2046 174 2111; x_wconf 87' lang='lat' dir='ltr'>Multa</span> <span class='ocrx_word' id='word_1_111' title='bbox 198 2045 337 2112; x_wconf 89' lang='lat' dir='ltr'>artificia</span> <span class='ocrx_word' id='word_1_112' title='bbox 361 2046 466 2127; x_wconf 85' lang='lat' dir='ltr'>attuli,</span> <span class='ocrx_word' id='word_1_113' title='bbox 490 2046 548 2112; x_wconf 86' lang='lat' dir='ltr'>sed</span> <span class='ocrx_word' id='word_1_114' title='bbox 573 2045 636 2111; x_wconf 92' lang='lat' dir='ltr'>etsi</span> <span class='ocrx_word' id='word_1_115' title='bbox 659 2047 815 2112; x_wconf 92' lang='lat' dir='ltr'>nonnulla</span> <span class='ocrx_word' id='word_1_116' title='bbox 839 2047 945 2112; x_wconf 86' lang='lat' dir='ltr'>adhuc</span> <span class='ocrx_word' id='word_1_117' title='bbox 967 2046 1000 2138; x_wconf 87' lang='lat' dir='ltr'>in</span> <span class='ocrx_word' id='word_1_118' title='bbox 1025 2046 1219 2112; x_wconf 83' lang='lat' dir='ltr'>comicorum</span> <span class='ocrx_word' id='word_1_119' title='bbox 1238 2051 1356 2129; x_wconf 87' lang='lat' dir='ltr'>poeta·</span> 
     </span>
     <span class='ocr_line' id='line_1_15' title="bbox 68 2151 1357 2236; baseline 0.003 -18"><span class='ocrx_word' id='word_1_120' title='bbox 68 2171 137 2218; x_wconf 91' lang='lat' dir='ltr'>rum</span> <span class='ocrx_word' id='word_1_121' title='bbox 161 2151 318 2220; x_wconf 91' lang='lat' dir='ltr'>trimetris</span> <span class='ocrx_word' id='word_1_122' title='bbox 349 2155 484 2219; x_wconf 84' lang='lat' dir='ltr'>exstant</span> <span class='ocrx_word' id='word_1_123' title='bbox 515 2153 694 2234; x_wconf 89' lang='lat' dir='ltr'>dequibus</span> <span class='ocrx_word' id='word_1_124' title='bbox 725 2173 788 2218; x_wconf 94' lang='lat' dir='ltr'>uon</span> <span class='ocrx_word' id='word_1_125' title='bbox 813 2153 881 2236; x_wconf 88' lang='lat' dir='ltr'>egi,</span> <span class='ocrx_word' id='word_1_126' title='bbox 912 2159 1023 2220; x_wconf 89' lang='lat' dir='ltr'>tamen</span> <span class='ocrx_word' id='word_1_127' title='bbox 1046 2153 1099 2218; x_wconf 94' lang='lat' dir='ltr'>hic</span> <span class='ocrx_word' id='word_1_128' title='bbox 1122 2153 1357 2222; x_wconf 88' lang='lat' dir='ltr'>subsistamus.</span> 
     </span>
     <span class='ocr_line' id='line_1_16' title="bbox 68 2259 1357 2345; baseline 0.002 -19"><span class='ocrx_word' id='word_1_129' title='bbox 68 2259 158 2326; x_wconf 85' lang='lat' dir='ltr'>Satis</span> <span class='ocrx_word' id='word_1_130' title='bbox 188 2261 291 2326; x_wconf 89' lang='lat' dir='ltr'>multa</span> <span class='ocrx_word' id='word_1_131' title='bbox 322 2261 494 2344; x_wconf 84' lang='lat' dir='ltr'>collegisse</span> <span class='ocrx_word' id='word_1_132' title='bbox 526 2259 603 2326; x_wconf 91' lang='lat' dir='ltr'>mihi</span> <span class='ocrx_word' id='word_1_133' title='bbox 633 2260 762 2340; x_wconf 91' lang='lat' dir='ltr'>videor,</span> <span class='ocrx_word' id='word_1_134' title='bbox 794 2259 952 2345; x_wconf 87' lang='lat' dir='ltr'>equibus</span> <span class='ocrx_word' id='word_1_135' title='bbox 984 2259 1066 2326; x_wconf 89' lang='lat' dir='ltr'>mira</span> <span class='ocrx_word' id='word_1_136' title='bbox 1095 2259 1154 2325; x_wconf 92' lang='lat' dir='ltr'>illa</span> <span class='ocrx_word' id='word_1_137' title='bbox 1182 2260 1357 2328; x_wconf 86' lang='lat' dir='ltr'>subtilitas</span> 
     </span>
     <span class='ocr_line' id='line_1_17' title="bbox 70 2362 493 2434; baseline 0.002 -1"><span class='ocrx_word' id='word_1_138' title='bbox 70 2362 152 2434; x_wconf 89' lang='lat' dir='ltr'>artis</span> <span class='ocrx_word' id='word_1_139' title='bbox 175 2367 332 2434; x_wconf 92' lang='lat' dir='ltr'>metricae</span> <span class='ocrx_word' id='word_1_140' title='bbox 356 2368 493 2434; x_wconf 87' lang='lat' dir='ltr'>eluceat.</span> 
     </span>
    </p>
   </div>
   <div class='ocr_carea' id='block_1_4' title="bbox 541 2886 879 2998">
    <p class='ocr_par' dir='ltr' id='par_1_6' title="bbox 541 2886 879 2998">
     <span class='ocr_line' id='line_1_18' title="bbox 541 2886 879 2998; baseline -0.003 -1"><span class='ocrx_word' id='word_1_141' title='bbox 541 2886 670 2998; x_wconf 86' lang='lat' dir='ltr'>Pars</span> <span class='ocrx_word' id='word_1_142' title='bbox 706 2888 879 2998; x_wconf 85' lang='lat' dir='ltr'>tertia.</span> 
     </span>
    </p>
   </div>
   <div class='ocr_carea' id='block_1_5' title="bbox 143 3065 1280 3251">
    <p class='ocr_par' dir='ltr' id='par_1_7' title="bbox 143 3065 1280 3251">
     <span class='ocr_line' id='line_1_19' title="bbox 143 3065 1280 3148; baseline 0.004 -19"><span class='ocrx_word' id='word_1_143' title='bbox 143 3065 193 3130; x_wconf 88' lang='lat' dir='ltr'>Dc</span> <span class='ocrx_word' id='word_1_144' title='bbox 216 3085 277 3131; x_wconf 88' lang='lat' dir='ltr'>usn</span> <span class='ocrx_word' id='word_1_145' title='bbox 300 3066 519 3132; x_wconf 88' lang='lat' dir='ltr'>trimetrorum</span> <span class='ocrx_word' id='word_1_146' title='bbox 543 3066 598 3147; x_wconf 89' lang='lat' dir='ltr'>qui</span> <span class='ocrx_word' id='word_1_147' title='bbox 621 3066 663 3131; x_wconf 93' lang='lat' dir='ltr'>ad</span> <span class='ocrx_word' id='word_1_148' title='bbox 687 3066 870 3148; x_wconf 90' lang='lat' dir='ltr'>augendam</span> <span class='ocrx_word' id='word_1_149' title='bbox 895 3066 1052 3132; x_wconf 88' lang='lat' dir='ltr'>sermonis</span> <span class='ocrx_word' id='word_1_150' title='bbox 1077 3067 1280 3134; x_wconf 89' lang='lat' dir='ltr'>suavitatem</span> 
     </span>
     <span class='ocr_line' id='line_1_20' title="bbox 483 3158 1012 3251; baseline -0.002 -13"><span class='ocrx_word' id='word_1_151' title='bbox 483 3158 615 3238; x_wconf 87' lang='lat' dir='ltr'>formati</span> <span class='ocrx_word' id='word_1_152' title='bbox 639 3175 717 3238; x_wconf 92' lang='lat' dir='ltr'>sunt</span> <span class='ocrx_word' id='word_1_153' title='bbox 740 3171 935 3238; x_wconf 88' lang='lat' dir='ltr'>indissoluti.</span> <span class='ocrx_word' id='word_1_154' title='bbox 1011 3248 1012 3251; x_wconf 8' lang='grc' dir='ltr'><strong>Ἴ</strong></span> 
     </span>
    </p>
   </div>
   <div class='ocr_carea' id='block_1_6' title="bbox 694 3402 722 3468">
    <p class='ocr_par' dir='ltr' id='par_1_8' title="bbox 694 3402 722 3468">
     <span class='ocr_line' id='line_1_21' title="bbox 694 3402 722 3468; baseline 0.036 -1"><span class='ocrx_word' id='word_1_155' title='bbox 694 3402 722 3468; x_wconf 83' lang='lat'>1.</span> 
     </span>
    </p>
   </div>
   <div class='ocr_carea' id='block_1_7' title="bbox 69 3526 1356 4489">
    <p class='ocr_par' dir='ltr' id='par_1_9' title="bbox 69 3526 1356 4023">
     <span class='ocr_line' id='line_1_22' title="bbox 169 3526 1356 3611; baseline 0.006 -19"><span class='ocrx_word' id='word_1_156' title='bbox 169 3526 333 3592; x_wconf 86' lang='lat' dir='ltr'>Miramur</span> <span class='ocrx_word' id='word_1_157' title='bbox 356 3532 459 3594; x_wconf 87' lang='lat' dir='ltr'>artem</span> <span class='ocrx_word' id='word_1_158' title='bbox 484 3549 548 3610; x_wconf 89' lang='lat' dir='ltr'>qua</span> <span class='ocrx_word' id='word_1_159' title='bbox 571 3529 718 3594; x_wconf 83' lang='lat' dir='ltr'>Catullus</span> <span class='ocrx_word' id='word_1_160' title='bbox 742 3530 911 3610; x_wconf 87' lang='lat' dir='ltr'>phaselum</span> <span class='ocrx_word' id='word_1_161' title='bbox 942 3530 1031 3611; x_wconf 92' lang='lat' dir='ltr'>puris</span> <span class='ocrx_word' id='word_1_162' title='bbox 1060 3550 1101 3595; x_wconf 83' lang='lat' dir='ltr'>ex</span> <span class='ocrx_word' id='word_1_163' title='bbox 1123 3531 1241 3597; x_wconf 92' lang='lat' dir='ltr'>iambis</span> <span class='ocrx_word' id='word_1_164' title='bbox 1268 3552 1356 3599; x_wconf 93' lang='lat' dir='ltr'>com-</span> 
     </span>
     <span class='ocr_line' id='line_1_23' title="bbox 69 3633 1356 3721; baseline 0.006 -23"><span class='ocrx_word' id='word_1_165' title='bbox 69 3633 185 3714; x_wconf 91' lang='lat' dir='ltr'>posuit.</span> <span class='ocrx_word' id='word_1_166' title='bbox 231 3634 369 3700; x_wconf 83' lang='lat' dir='ltr'>Gratum</span> <span class='ocrx_word' id='word_1_167' title='bbox 394 3636 526 3702; x_wconf 89' lang='lat' dir='ltr'>auribus</span> <span class='ocrx_word' id='word_1_168' title='bbox 550 3639 687 3701; x_wconf 91' lang='lat' dir='ltr'>metrum</span> <span class='ocrx_word' id='word_1_169' title='bbox 712 3636 855 3701; x_wconf 88' lang='lat' dir='ltr'>decurrit</span> <span class='ocrx_word' id='word_1_170' title='bbox 886 3640 984 3717; x_wconf 89' lang='lat' dir='ltr'>atque</span> <span class='ocrx_word' id='word_1_171' title='bbox 1014 3638 1170 3720; x_wconf 82' lang='lat' dir='ltr'>graphice</span> <span class='ocrx_word' id='word_1_172' title='bbox 1201 3639 1356 3721; x_wconf 90' lang='lat' dir='ltr'>rapidum</span> 
     </span>
     <span class='ocr_line' id='line_1_24' title="bbox 69 3740 1354 3826; baseline 0.006 -21"><span class='ocrx_word' id='word_1_173' title='bbox 69 3740 195 3821; x_wconf 92' lang='lat' dir='ltr'>phaseli</span> <span class='ocrx_word' id='word_1_174' title='bbox 219 3761 348 3807; x_wconf 91' lang='lat' dir='ltr'>cursum</span> <span class='ocrx_word' id='word_1_175' title='bbox 372 3742 527 3826; x_wconf 89' lang='lat' dir='ltr'>depingit.</span> <span class='ocrx_word' id='word_1_176' title='bbox 564 3743 816 3825; x_wconf 84' lang='lat' dir='ltr'>Aristophanem</span> <span class='ocrx_word' id='word_1_177' title='bbox 840 3763 918 3809; x_wconf 90' lang='lat' dir='ltr'>vero</span> <span class='ocrx_word' id='word_1_178' title='bbox 941 3744 1006 3809; x_wconf 92' lang='lat' dir='ltr'>iam</span> <span class='ocrx_word' id='word_1_179' title='bbox 1029 3744 1162 3811; x_wconf 85' lang='lat' dir='ltr'>novisse</span> <span class='ocrx_word' id='word_1_180' title='bbox 1185 3747 1248 3812; x_wconf 91' lang='lat' dir='ltr'>hoo</span> <span class='ocrx_word' id='word_1_181' title='bbox 1274 3747 1354 3813; x_wconf 92' lang='lat' dir='ltr'>arti·</span> 
     </span>
     <span class='ocr_line' id='line_1_25' title="bbox 69 3847 1355 3935; baseline 0.007 -23"><span class='ocrx_word' id='word_1_182' title='bbox 69 3847 175 3912; x_wconf 90' lang='lat' dir='ltr'>ficium</span> <span class='ocrx_word' id='word_1_183' title='bbox 199 3849 309 3914; x_wconf 90' lang='lat' dir='ltr'>docuit</span> <span class='ocrx_word' id='word_1_184' title='bbox 332 3868 391 3915; x_wconf 94' lang='lat' dir='ltr'>nos</span> <span class='ocrx_word' id='word_1_185' title='bbox 407 3849 441 3914; x_wconf 93' lang='lat' dir='ltr'>in</span> <span class='ocrx_word' id='word_1_186' title='bbox 457 3849 552 3915; x_wconf 89' lang='lat' dir='ltr'>huius</span> <span class='ocrx_word' id='word_1_187' title='bbox 572 3850 719 3931; x_wconf 91' lang='lat' dir='ltr'>opusculi</span> <span class='ocrx_word' id='word_1_188' title='bbox 742 3849 957 3932; x_wconf 83' lang='lat' dir='ltr'>praefationis</span> <span class='ocrx_word' id='word_1_189' title='bbox 981 3853 1187 3935; x_wconf 85' lang='lat' dir='ltr'>paragrapho</span> <span class='ocrx_word' id='word_1_190' title='bbox 1205 3855 1355 3921; x_wconf 88' lang='lat' dir='ltr'>secunda</span> 
     </span>
     <span class='ocr_line' id='line_1_26' title="bbox 69 3954 556 4023; baseline 0.002 -4"><span class='ocrx_word' id='word_1_191' title='bbox 69 3954 329 4021; x_wconf 85' lang='lat' dir='ltr'>Acharnensium</span> <span class='ocrx_word' id='word_1_192' title='bbox 352 3975 468 4023; x_wconf 84' lang='lat' dir='ltr'>versus</span> <span class='ocrx_word' id='word_1_193' title='bbox 492 3954 556 4021; x_wconf 79' lang='lat'>203</span> 
     </span>
    </p>

    <p class='ocr_par' dir='ltr' id='par_1_10' title="bbox 69 4059 1350 4489">
     <span class='ocr_line' id='line_1_27' title="bbox 230 4059 903 4150; baseline 0.012 -27"><span class='ocrx_word' id='word_1_194' title='bbox 230 4059 290 4143; x_wconf 78' lang='grc' dir='ltr'>ἐγώ</span> <span class='ocrx_word' id='word_1_195' title='bbox 314 4061 352 4125; x_wconf 77' lang='grc' dir='ltr'>δὲ</span> <span class='ocrx_word' id='word_1_196' title='bbox 377 4063 548 4146; x_wconf 83' lang='grc' dir='ltr'><strong><em>φεύξομαί</em></strong></span> <span class='ocrx_word' id='word_1_197' title='bbox 566 4086 601 4145; x_wconf 76' lang='grc' dir='ltr'>γε</span> <span class='ocrx_word' id='word_1_198' title='bbox 623 4063 702 4138; x_wconf 77' lang='grc' dir='ltr'><strong><em>τοὺς</em></strong></span> <span class='ocrx_word' id='word_1_199' title='bbox 722 4065 903 4150; x_wconf 75' lang='grc' dir='ltr'><strong><em>Ἀχαρνέας.</em></strong></span> 
     </span>
     <span class='ocr_line' id='line_1_28' title="bbox 70 4187 1350 4275; baseline 0.004 -22"><span class='ocrx_word' id='word_1_200' title='bbox 70 4187 168 4253; x_wconf 79' lang='lat' dir='ltr'>Caret</span> <span class='ocrx_word' id='word_1_201' title='bbox 199 4206 315 4253; x_wconf 88' lang='lat' dir='ltr'>versus</span> <span class='ocrx_word' id='word_1_202' title='bbox 339 4187 571 4268; x_wconf 90' lang='lat' dir='ltr'>solutionibus,</span> <span class='ocrx_word' id='word_1_203' title='bbox 603 4189 679 4270; x_wconf 88' lang='lat' dir='ltr'>quia</span> <span class='ocrx_word' id='word_1_204' title='bbox 703 4189 927 4269; x_wconf 80' lang='lat' dir='ltr'>abscedentia,</span> <span class='ocrx_word' id='word_1_205' title='bbox 960 4193 1051 4256; x_wconf 87' lang='lat' dir='ltr'>caret</span> <span class='ocrx_word' id='word_1_206' title='bbox 1074 4191 1241 4274; x_wconf 90' lang='lat' dir='ltr'>spondeis,</span> <span class='ocrx_word' id='word_1_207' title='bbox 1274 4193 1350 4275; x_wconf 88' lang='lat' dir='ltr'>qnia</span> 
     </span>
     <span class='ocr_line' id='line_1_29' title="bbox 70 4295 1350 4378; baseline 0.007 -19"><span class='ocrx_word' id='word_1_208' title='bbox 70 4295 231 4361; x_wconf 87' lang='lat' dir='ltr'>currentis</span> <span class='ocrx_word' id='word_1_209' title='bbox 263 4297 365 4361; x_wconf 90' lang='lat' dir='ltr'>verba</span> <span class='ocrx_word' id='word_1_210' title='bbox 395 4295 549 4362; x_wconf 90' lang='lat' dir='ltr'>continet.</span> <span class='ocrx_word' id='word_1_211' title='bbox 601 4297 651 4362; x_wconf 92' lang='lat' dir='ltr'>De</span> <span class='ocrx_word' id='word_1_212' title='bbox 682 4296 849 4376; x_wconf 86' lang='lat' dir='ltr'>versibus,</span> <span class='ocrx_word' id='word_1_213' title='bbox 886 4297 940 4378; x_wconf 92' lang='lat' dir='ltr'>qui</span> <span class='ocrx_word' id='word_1_214' title='bbox 972 4299 1217 4364; x_wconf 90' lang='lat' dir='ltr'>abscedentium</span> <span class='ocrx_word' id='word_1_215' title='bbox 1247 4302 1350 4367; x_wconf 87' lang='lat' dir='ltr'>verba</span> 
     </span>
     <span class='ocr_line' id='line_1_30' title="bbox 69 4401 1349 4489; baseline 0.007 -24"><span class='ocrx_word' id='word_1_216' title='bbox 69 4402 248 4484; x_wconf 89' lang='lat' dir='ltr'>continent,</span> <span class='ocrx_word' id='word_1_217' title='bbox 273 4421 372 4485; x_wconf 88' lang='lat' dir='ltr'>supra</span> <span class='ocrx_word' id='word_1_218' title='bbox 396 4402 450 4486; x_wconf 90' lang='lat' dir='ltr'>egi</span> <span class='ocrx_word' id='word_1_219' title='bbox 472 4402 528 4488; x_wconf 87' lang='lat' dir='ltr'>(ci.</span> <span class='ocrx_word' id='word_1_220' title='bbox 544 4424 598 4488; x_wconf 90' lang='lat' dir='ltr'>pg.</span> <span class='ocrx_word' id='word_1_221' title='bbox 614 4402 656 4469; x_wconf 78' lang='lat'>52</span> <span class='ocrx_word' id='word_1_222' title='bbox 673 4401 741 4489; x_wconf 84' lang='lat' dir='ltr'>ss),</span> <span class='ocrx_word' id='word_1_223' title='bbox 766 4422 852 4469; x_wconf 90' lang='lat' dir='ltr'>nunc</span> <span class='ocrx_word' id='word_1_224' title='bbox 875 4404 968 4470; x_wconf 87' lang='lat' dir='ltr'>nobis</span> <span class='ocrx_word' id='word_1_225' title='bbox 990 4424 1044 4471; x_wconf 88' lang='lat' dir='ltr'>res</span> <span class='ocrx_word' id='word_1_226' title='bbox 1069 4405 1112 4472; x_wconf 90' lang='lat' dir='ltr'>sit</span> <span class='ocrx_word' id='word_1_227' title='bbox 1136 4406 1176 4472; x_wconf 90' lang='lat' dir='ltr'>de</span> <span class='ocrx_word' id='word_1_228' title='bbox 1199 4405 1349 4474; x_wconf 86' lang='lat' dir='ltr'>versibus</span> 
     </span>
    </p>
   </div>
   <div class='ocr_carea' id='block_1_8' title="bbox 67 4592 193 4626">
    <p class='ocr_par' dir='ltr' id='par_1_11' title="bbox 67 4592 193 4626">
     <span class='ocr_line' id='line_1_31' title="bbox 67 4592 193 4626; baseline 0 0"><span class='ocrx_word' id='word_1_229' title='bbox 67 4592 193 4626; x_wconf 54' lang='grc' dir='ltr'><strong>Α</strong></span> 
     </span>
    </p>
   </div>
   <div class='ocr_carea' id='block_1_9' title="bbox 0 0 1393 4906">
    <p class='ocr_par' dir='ltr' id='par_1_12' title="bbox 0 0 1393 4906">
     <span class='ocr_line' id='line_1_32' title="bbox 0 0 1393 4906; baseline 0 0"><span class='ocrx_word' id='word_1_230' title='bbox 0 0 1393 4906; x_wconf 95' lang='lat' dir='ltr'> </span> 
     </span>
    </p>
   </div>
  </div>
 </body>
</html>
