2776 4906
553 290 770 403 ..24ss

522 531 803 607 Ecclesiazusae.

131 656 165 743 a)
189 660 228 726 In
252 659 347 726 huius
371 659 505 726 fabulae
528 660 621 725 initio
645 659 791 724 laudatio
815 658 924 741 posita
947 660 1000 724 est
1021 658 1191 736 lucernae,
1223 672 1304 735 quae

24 768 131 834 omnia
160 767 266 833 noctis
298 769 427 833 secreta
456 765 571 834 videat
594 766 652 832 sed
675 769 796 832 taceat.
842 765 945 849 Quasi
968 765 1017 830 sol
1045 764 1090 829 sit
1112 761 1304 844 saepissime

23 876 78 941 ille
100 875 133 940 in
157 873 341 940 fabularum
373 873 515 939 exordiis
539 874 677 953 citatus,
707 871 906 956 tragicorum
933 873 1107 938 verborum
1131 868 1304 952 splendore

23 983 157 1048 lucerna
180 1000 200 1046 a
223 981 416 1063 Hexagora
439 981 634 1060 celebratur,
661 980 764 1045 donec
786 979 938 1045 versibus
962 976 1004 1044 17
1021 998 1046 1044 s.
1070 977 1112 1043 ad
1136 977 1220 1042 alias
1252 993 1305 1041 res

24 1088 206 1155 narrandas
246 1107 281 1153 se
318 1087 428 1153 vertit.
488 1088 613 1154 Versus
652 1090 730 1153 sunt
764 1085 806 1151 18
840 1105 990 1166 numero,
1029 1085 1171 1151 comicus
1210 1101 1304 1163 unus,

24 1199 108 1278 trag.
131 1193 162 1276 2,
185 1193 298 1260 indiss.
322 1192 374 1260 15.

129 1316 165 1404 b)
199 1320 253 1385 Ex
285 1320 380 1401 plebe
414 1338 498 1385 unns
534 1318 768 1401 supellectilem
802 1317 928 1401 colligit
960 1317 1168 1396 vilissimam,
1208 1332 1304 1396 quam

24 1427 150 1511 legibus
174 1426 269 1494 novis
292 1429 475 1508 obsequens
499 1427 533 1493 in
556 1426 662 1492 forum
685 1425 782 1492 ferat.
828 1425 889 1490 His
913 1424 1063 1492 versibus
1088 1422 1216 1489 sonoris
1240 1421 1303 1487 col·

24 1533 148 1618 ligendi
170 1533 297 1599 initium
321 1533 419 1600 facit:

156 1656 282 1741 *χώρει
305 1655 346 1721 σύ
371 1660 469 1740 δεῦρο
492 1657 652 1739 κιναχίρα
674 1655 757 1740 καλὴ
782 1655 889 1731 καλῶς
1014 1655 1104 1721 Eool.
1128 1653 1194 1720 730

182 1768 248 1828 τῶν
270 1765 447 1852 χρημάτων
470 1764 600 1847 depuis
624 1765 738 1851 πρώτη
762 1767 829 1826 τῶν
854 1761 951 1845 ἐμῶν,

184 1864 274 1946 ὅπως
297 1865 339 1934 dv
362 1869 595 1956 ἐντετριμμένη
620 1875 836 1956 κανηφορῇς,,

183 1976 330 2051 πολλοὺς
352 1977 443 2040 κάτω
467 1977 508 2059 δὴ
533 1977 702 2051 θυλάκους
725 1976 869 2063 τρέψασ’
893 1975 1000 2059 ἐμούς.

595 2170 730 2245 Plutus.

129 2301 201 2365 Iam
224 2299 355 2382 saepius
386 2301 473 2365 huno
502 2299 668 2367 velillum
695 2298 846 2367 versibus
878 2298 1134 2383 elegantioribus
1165 2297 1334 2386 salutar

25 2407 173 2475 vidimus.
212 2406 267 2472 Sic
283 2407 473 2490 Chremylus
497 2409 628 2472 chorum
652 2407 777 2473 salutat
799 2406 950 2474 uersibus
974 2403 1150 2471 aua-327
1174 2402 1334 2493 (indiga⁴

25 2513 55 2595 3,
84 2517 170 2598 trag.
193 2511 231 2594 2,
262 2532 342 2580 com.
361 2510 413 2599 1),
444 2515 561 2580 chorus
593 2516 701 2579 autem
732 2516 888 2594 quattuor
917 2513 1067 2581 versibus
1097 2512 1334 2598 indissolntjg

24 2621 210 2704 respondet.

648 2744 668 2812 6

131 2853 238 2935 Supra
268 2850 336 2938 (pg.
360 2850 458 2938 111.)
490 2854 530 2919 de
561 2853 820 2920 Acharnensium
850 2853 1001 2920 versibus
1032 2850 1208 2918 571-573
1239 2863 1311 2942 egi

26 2960 81 3026 ubi
102 2961 286 3026 Lamachus
316 2959 511 3027 furibundus
541 2960 575 3026 in
598 2979 751 3027 scaenam
781 2959 905 3043 prodit,
935 2959 1092 3027 terribilis
1122 2978 1201 3027 vero
1233 2962 1293 3030 eiu

25 3067 151 3149 species
184 3067 386 3133 abundantia
415 3069 588 3134 verborum
618 3067 791 3134 minacium
814 3067 956 3134 iuvatur.
1001 3068 1170 3133 Iactatae
1194 3068 1269 3134 oste

25 3173 136 3255 ditque
171 3193 331 3240 armorum
367 3175 587 3256 splendorem3
626 3175 721 3254 quasi
755 3174 902 3257 tragicus
936 3176 1032 3239 heros
1068 3173 1127 3255 sit,
1165 3173 1266 3257 tregit

25 3280 129 3346 utitur
150 3281 309 3348 versibus.

132 3386 270 3469 Saepius
309 3387 393 3469 apud
428 3386 681 3469 Aristophanem
719 3387 864 3454 facetum
901 3389 962 3453 hoc
1000 3386 1172 3453 artificium
1209 3388 1259 3454 nol

26 3491 182 3575 occurrit3
206 3492 336 3576 saepius
359 3495 459 3576 poeta
482 3513 575 3576 quem
600 3493 769 3577 despectui
790 3495 893 3561 habet
913 3493 1092 3560 iactantem
1115 3513 1151 3561 se
1174 3491 1255 3561 indu:

26 3598 121 3680 quasi
142 3598 301 3665 maximus
326 3599 378 3679 sit,
401 3599 498 3680 idque
521 3600 673 3668 uersibus
696 3600 832 3685 tragicis
856 3600 980 3666 formae
1004 3599 1189 3667 exactionis.
1230 3599 1253 3665 G

25 3704 164 3787 ligamus
188 3706 346 3787 exempla.

602 3808 730 3883 Nubes.

187 3939 305 4009 ποίους
327 3935 431 4010 θεοὺς
455 3934 533 4018 ὀμεῖ
551 3936 614 4017 σός
638 3939 773 4020 πρῶτον
794 3935 856 4022 γὰρ
880 3937 958 4000 usot
1014 3934 1080 4002 247

185 4041 265 4126 ἡμῖν
286 4040 421 4125 νόμισμ’
445 4041 503 4107 οὐκ
525 4039 626 4109 ἔστιν.

185 4147 299 4232 βούλει
321 4147 365 4212 τὰ
387 4151 470 4212 θεῖα
492 4145 658 4232 πράγματ’
682 4146 807 4214 εἰδέναι
831 4152 948 4234 σαφῶς
1015 4147 1080 4215 251)

186 4247 259 4318 ἅττ’
282 4253 374 4320 ἐστὶν
398 4253 527 4338 ὀρθῶς
578 4287 581 4294 ·

25 4359 180 4426 Socrates
204 4360 330 4428 scilicet
351 4361 532 4444 potentiam
556 4381 648 4429 suern
673 4361 856 4444 Strepsiadi
879 4364 1034 4429 ostentat.
