2776 4906
557 365 776 431 ...35-

462 687 591 798 Pars
628 689 872 799 secunda.

19 920 27 944 ,
109 869 146 933 De
165 881 218 929 usu
239 859 477 944 trimetrorum,
504 865 559 944 qui
584 866 626 930 ad
650 867 832 948 augendam
857 866 1016 932 sermonis
1038 867 1237 949 gravitatem

439 971 571 1037 formati
595 977 672 1038 sunt
694 972 890 1039 indissoluti.

119 1234 216 1323 caput
239 1231 411 1322 primurn:
438 1233 486 1307 De
510 1233 681 1307 trimetris
705 1235 750 1307 ad
775 1237 1000 1324 spectatores
1025 1238 1221 1309 conversis.

653 1361 680 1428 1.

10 1553 15 1567 ,
137 1487 390 1552 Acharnensium
426 1487 571 1553 fabulam
606 1507 706 1570 supra
744 1488 837 1552 nobis
876 1488 1153 1571 perlustrantibus
1188 1506 1304 1554 versus

10 1582 19 1676 ζ,
60 1595 87 1662 tt
99 1615 126 1675 s,
145 1590 317 1659 sue-376
350 1614 390 1660 ea
421 1595 461 1660 de
493 1613 593 1660 causa
616 1595 842 1660 memorabiles
872 1595 1052 1674 visisunt,
1083 1594 1159 1674 quia
1190 1614 1304 1660 novem

10 1749 18 1775 ;.
59 1704 92 1768 his
109 1701 256 1767 trimetris
280 1702 484 1768 indissolntis
501 1703 740 1786 Aristophanes
763 1703 983 1768 Athenienses
1008 1701 1217 1768 acerbissime
1233 1721 1305 1783 per-

10 1802 19 1883 ’ζ
58 1809 175 1890 strinxit,
214 1810 256 1874 ad
291 1812 496 1891 spectatores
533 1811 635 1894 igitur
670 1830 849 1876 sermonem
885 1810 1004 1875 direxit
1043 1808 1088 1893 (v.
1111 1830 1163 1892 pg.
1189 1806 1228 1873 11
1256 1806 1305 1892 s).

57 1916 123 1984 Unde
144 1916 283 1999 profecti
305 1917 423 1984 similia
447 1937 642 1999 quaeramus
667 1922 765 1998 atque
789 1918 924 2000 primum
946 1917 1074 1998 quidem
1089 1916 1185 1982 Pacis
1210 1936 1306 1996 quem

56 2024 159 2091 offeram
181 2025 288 2090 locum
312 2025 561 2091 consideremus.

11 2212 16 2236 4
134 2151 303 2233 Trygaeus
328 2150 404 2231 quid
428 2150 531 2216 faciat
546 2152 696 2216 Polemus
720 2151 903 2219 observitet
919 2153 1159 2231 observataque
1177 2154 1305 2232 specta-

10 2282 17 2345 ᾗ
55 2258 152 2323 toribus
175 2257 352 2322 renuntiat.

10 2410 17 2429 1·
55 2385 130 2466 tryg.
190 2376 242 2468 ἆρ’
266 2373 363 2456 οὗτός
387 2381 454 2445 ἐστ’
479 2381 610 2462 ἐκεῖνος,
637 2380 673 2446 ὃν
695 2384 750 2445 καῖ
775 2383 948 2466 φεύγομεν,
1017 2385 1093 2448 Pac.
1117 2381 1183 2446 240

143 2487 205 2552 *³⁸6
223 2490 343 2569 δεινός,
361 2489 377 2552 ὃ
395 2488 603 2574 ταλαύρινος,
622 2487 638 2551 ὃ
655 2489 740 2552 κατὰ
756 2492 827 2551 τοῖν
844 2487 973 2552 σκελοῖν
979 2486 1024 2574 ,·Ῑ)

10 2624 12 2666 ;
52 2597 102 2662 Pol.
160 2594 226 2660 *ιίδ
250 2598 398 2679 Πρασιαὶ
421 2597 490 2680 τρῖς
515 2592 636 2659 ἄθλιαι
658 2597 714 2658 καὶ
738 2596 892 2668 πεντάκις

144 2705 242 2767 **καῖ
266 2702 502 2776 πολλοδεκάκις
526 2701 567 2776 ὥς
591 2701 780 2766 ἀπολεῖσθε
803 2702 955 2786 τήμερον.
1002 2737 1004 2746 ·

51 2811 128 2894 tryg.
151 2813 192 2877 ad
216 2814 436 2894 spectatores:
460 2811 552 2874 τοντῖ
574 2810 636 2892 μὲν
660 2806 778 2892 ἄνδρες
803 2807 900 2873 οὐδὲν
923 2808 1003 2894 ἡμῖν
1026 2809 1164 2892 πρᾶγμά
1190 2829 1260 2872 πω·

187 2916 225 2981 τὸ
249 2917 310 3000 γὰρ
333 2916 435 2980 κακὸν
458 2916 546 2980 τοῦτ’
572 2916 643 2980 ἐστὶ
666 2921 725 3002 τῆς
748 2921 950 3000 Λακωνικῆς.

49 3040 142 3109 Nonne
164 3045 264 3110 multo
288 3043 472 3126 elegantius
496 3043 558 3108 duo
583 3043 616 3108 hi
639 3062 755 3109 versus
779 3042 973 3109 conformati
997 3044 1074 3107 sunt
1098 3061 1195 3122 quam
1215 3044 1306 3106 ante-

49 3148 206 3216 cedentes?
252 3153 290 3216 In
314 3155 386 3216 tota
409 3170 486 3217 vero
510 3151 573 3216 hac
596 3171 731 3232 scaena,
762 3170 845 3231 quae
868 3149 975 3215 tendit
998 3168 1100 3228 usque
1125 3149 1306 3215 adversus

187 3279 247 3338 νῦν
270 3274 361 3339 ἐστιν
384 3274 465 3360 ἡμῖν
489 3268 609 3358 οῖνδρες
623 3269 776 3362 Ἕλληνες
799 3273 901 3338 καλὸν

188 3381 409 3465 ἀπαλλαγεῖσι
432 3382 634 3466 πραγμάτων
657 3383 771 3445 τεκαὶ
793 3385 909 3464 μαχῶν

188 3488 446 3573 cassescerent
469 3493 576 3553 πᾶσιν
600 3488 745 3576 Εἰρήνην
769 3490 868 3575 φίλην

162 3595 270 3679 *πρὶν
293 3590 406 3682 ἕτερον
430 3590 473 3663 αὖ
496 3598 635 3661 δοίδυκα
657 3597 807 3661 κωλῦσαί
826 3619 900 3660 τινα
1018 3597 1095 3660 Pau.
1119 3592 1183 3658 ‘295

44 3734 87 3782 res
115 3721 161 3788 ita
191 3743 226 3789 se
255 3726 363 3790 habet.
410 3726 581 3807 Trygeeus
606 3723 646 3789 m
679 3744 794 3791 versus
827 3724 869 3789 ed
900 3724 1103 3804 spectatores
1135 3717 1307 3796 convertit,

43 3841 162 3901 quorum
191 3831 377 3897 indissoluti
409 3835 485 3898 snut
509 3830 538 3912 9,
569 3837 654 3915 trag.
679 3830 708 3911 4,
739 3851 818 3897 com.
842 3829 872 3895 2.
918 3831 1055 3894 Praeter
1085 3827 1158 3891 illos
1189 3842 1306 3891 versus

41 3932 149 4002 recitat
170 3938 382 4004 indissolutos
406 3939 436 4019 3,
459 3944 544 4023 trag.
569 3937 598 4018 7,
623 3958 701 4005 com.
726 3937 755 4004 2.

136 4063 227 4129 Haec
247 4066 416 4129 hacteuus.
455 4065 554 4129 Nemo
578 4083 657 4131 vero
682 4063 811 4143 estqui
835 4062 962 4126 nesciat
978 4057 1236 4144 προλογίζοντας
1259 4055 1306 4119 in-

38 4162 140 4238 prims
170 4171 361 4252 histriones,
397 4191 469 4236 cum
499 4171 631 4236 fabulae
663 4173 889 4254 argumentum
924 4185 1086 4250 exponere
1116 4163 1234 4243 velint,
1266 4162 1308 4227 ad

39 4321 241 4340 κὴ-

138 4421 164 4485 1)
183 4421 217 4476 ef.
237 4437 305 4488 quae
324 4420 454 4474 adnotavi
473 4421 501 4474 in
518 4435 565 4489 pg.
584 4424 618 4474 43
635 4437 665 4476 s..
