2776 4906
412 1319 566 1433 index
603 1320 844 1458 capitum.

573 1535 679 1543 ——-

30 1634 161 1710 netatio
209 1692 1114 1711 .....................
1155 1661 1209 1725 pg.
1246 1641 1268 1705 8

31 1763 68 1818 rs
98 1743 233 1836 prima:
265 1750 315 1815 De
347 1748 504 1815 trimetris
538 1748 741 1816 indissolutis
771 1748 805 1814 in
836 1761 931 1814 usum
960 1748 1118 1831 parodiae

199 1857 355 1923 adhibitis
397 1906 1187 1940 ..................
1226 1855 1268 1922 15

91 1964 200 2047 Caput
222 1965 375 2048 primum:
399 1965 449 2030 De
472 1964 609 2047 perodio
630 1964 760 2048 tregioa
796 2014 1116 2032 ........
1173 2016 1188 2048 ,,
1225 1961 1267 2028 15

92 2072 201 2156 Caput
231 2073 424 2139 seeundum:
458 2073 508 2137 De
538 2071 688 2138 irrisione
723 2075 908 2154 poetarum,
942 2075 1116 2154 oratorum,

200 2180 440 2264 magistrorum,
464 2179 599 2246 aliorum
620 2231 1188 2262 ..............
1225 2177 1268 2244 29

30 2302 73 2357 ,rs
99 2285 277 2358 secunda:
301 2288 351 2352 De
367 2307 428 2353 usu
449 2287 677 2367 trimetrorum‚
701 2287 756 2367 qui
779 2287 821 2352 ad
845 2287 1027 2371 augendam
1050 2305 1117 2352 ser-

202 2397 305 2463 monis
329 2396 529 2478 grovitatem
553 2394 685 2460 formati
709 2398 786 2460 sunt
808 2395 1026 2462 indissoluti.
1065 2448 1072 2462 .
1110 2448 1115 2461 .
1173 2447 1187 2478 „
1226 2394 1268 2460 35

93 2507 202 2589 Caput
225 2505 377 2588 primum:
400 2506 450 2571 De
473 2505 631 2570 trimetris
656 2505 926 2586 adspectatores
951 2504 1119 2572 conversis
1174 2555 1188 2587 ,‚
1226 2501 1269 2568 35

95 2615 203 2697 Caput
227 2614 422 2682 seeundum:
445 2613 495 2678 De
518 2613 675 2678 trimetris
700 2613 840 2694 quaein
865 2632 986 2679 scaena
1002 2631 1119 2696 geran-

204 2727 258 2788 tur
281 2720 521 2804 explicantibus
577 2771 1120 2789 .............
1176 2771 1190 2802 „
1227 2716 1270 2783 42

93 2831 204 2912 Caput
226 2829 375 2895 tertium:
398 2829 447 2895 De
470 2828 605 2909 reliquis
628 2826 795 2908 trimetris,
819 2828 874 2909 qui
890 2831 926 2893 ut
948 2848 989 2894 ex
1012 2828 1119 2894 multi·

205 2937 317 3003 tudine
340 2936 505 3003 emineant
529 2939 643 3002 curent
666 2934 882 3001 solutionibus
935 2986 1121 3004 .....
1176 2987 1191 3019 „
1228 2932 1271 2999 56

30 3061 73 3115 ‚rs
91 3042 220 3116 tertia:
244 3047 294 3112 De
310 3064 371 3111 usu
387 3045 615 3124 trimetrorum‚
633 3043 687 3125 qui
704 3044 746 3109 ud
762 3043 946 3126 augendam
962 3043 1120 3109 sermonis

205 3154 404 3222 suavitatem
426 3152 558 3219 formati
582 3156 658 3218 sunt
681 3150 869 3218 indissolnti
888 3202 1118 3219 ......
1175 3202 1190 3234 ,,
1227 3148 1270 3215 76
