2776 4906
593 329 811 396 ..27-

57 519 137 589 Vox
159 523 327 590 κνώδαλον
350 527 438 609 apud
461 526 606 611 tragicos
630 546 691 594 nec
714 545 779 592 non
802 527 890 609 apud
912 524 1021 608 epicos
1043 524 1078 590 in
1101 543 1162 591 usu
1186 526 1245 591 est.

225 631 282 715 ἐγώ
306 682 364 702 ...
388 627 433 696 ἂν
454 632 572 720 τλαίην
594 631 841 716 ὑποδήσασθαι
1053 631 1152 714 Vesp.
1177 629 1263 696 1159

225 738 355 823 ἐχθρῶν
378 738 458 822 παρ’
482 737 614 825 ἀνδρῶν
637 740 785 821 δυσμενῆ
806 736 1019 820 καττύματα,

168 864 203 951 b)
225 864 335 929 πόσου
359 865 397 929 δὲ
420 864 480 928 τὸν
504 863 656 948 πρωκτὸν
678 861 800 946 χρόνον
824 862 1002 946 ξυνήγαγεν
1008 886 1021 945 ,·
1054 862 1135 928 Ach.
1159 860 1201 926 83

183 974 265 1057 ,τῇ
288 970 506 1057 πανσελήυῳε
526 957 597 1055 κᾷτ’
622 968 782 1055 ἀπῆλθεν
806 967 928 1034 οἴκαδε.

76 1096 233 1165 Obscenae
267 1095 449 1162 huiusmodi
483 1093 759 1178 interrogationes
799 1112 839 1159 55
872 1093 1101 1175 responsiones
1136 1092 1267 1176 tragion
1302 1094 1344 1159 ad

79 1204 168 1271 risum
191 1204 372 1286 augendum
395 1202 501 1268 forma
523 1205 558 1269 et
581 1201 723 1267 dictione
746 1203 845 1282 poeta
867 1199 1012 1267 donavit.

166 1327 202 1394 cf.
225 1331 261 1390 τί
274 1325 390 1409 δῆθὀἶ
416 1325 564 1411 πρωκτὸς
587 1323 620 1399 ἐς
643 1322 702 1388 τὸν
726 1322 870 1408 οὐρανὸν
891 1321 1030 1407 βλέπω
1054 1324 1137 1390 Nub.
1162 1322 1225 1389 193

224 1438 273 1507 τίς
296 1429 395 1508 ἄλλος
418 1431 494 1496 α’ντὶ
517 1432 650 1496 τουτουὶ
672 1434 733 1495 τοῦ
756 1428 920 1494 δακτύλου
927 1454 939 1512 ,·
1053 1431 1136 1498 Nub.
1160 1429 1225 1496 653

174 1555 203 1644 5)
225 1558 327 1624 Plura
361 1557 437 1622 mihi
473 1556 611 1622 dicenda
645 1559 721 1621 sunt
756 1556 796 1621 de
831 1555 998 1635 versibus,
1036 1555 1071 1621 in
1106 1555 1223 1636 quibus
1256 1555 1344 1622 inest

86 1686 138 1735 vox
155 1669 267 1730 καίτοι.

172 1770 242 1836 Non
265 1771 368 1837 solum
391 1770 425 1835 in
449 1769 686 1835 sententiarum
710 1769 824 1835 sedin
847 1767 1068 1834 trimetrorum
1092 1768 1190 1835 etiam
1211 1769 1343 1836 exordio

86 1877 182 1964 tragici
215 1880 334 1960 poetae
364 1878 449 1942 hanc
479 1895 591 1943 vocem
622 1895 743 1958 ponere
774 1876 897 1954 solent,
932 1895 959 1942 e.
982 1895 1031 1959 gr.
1060 1875 1254 1959 Sophocles,
1289 1877 1344 1960 qui

85 1985 209 2053 sedecies
239 1989 348 2048 καίτοι
381 1983 415 2049 15
445 1983 554 2062 initio,
588 1981 639 2048 bis
670 1983 704 2048 in
735 1982 802 2051 5115
832 1983 1052 2048 trimetrorum
1086 1983 1163 2049 sede
1194 1980 1342 2068 posuit.¹)

84 2095 163 2158 Hunc
183 2110 303 2158 morem
325 2090 565 2173 Aristophanes
587 2089 735 2156 imitatus
760 2093 819 2170 est,
852 2090 937 2171 quod
959 2091 1100 2172 probant
1122 2109 1239 2158 versus
1262 2091 1343 2156 th.

83 2198 143 2281 357,
164 2197 236 2278 370,
260 2195 341 2280 466,
371 2197 455 2263 Nub.
479 2195 552 2277 870,
578 2194 680 2279 1257,
711 2197 808 2279 Verp.
832 2194 906 2278 915,
939 2195 1012 2277 980,
1042 2194 1145 2280 1301;
1176 2199 1237 2265 Av.
1261 2195 1343 2280 2643

80 2306 145 2388 Lys.
166 2303 246 2386 9213
276 2305 359 2370 Ren.
383 2302 443 2386 433
473 2301 744 2385 Ευ5].20,159;
774 2304 860 2370 Ρ150.
884 2302 959 2370 337.
1004 2304 1165 2386 Exempla
1193 2303 1234 2370 14
1266 2307 1343 2370 sunt

79 2431 204 2492 numero,
228 2414 344 2478 contra
367 2409 387 2476 4
410 2409 522 2478 inveni
545 2429 661 2478 versus
686 2429 798 2478 vocem
821 2415 930 2474 καίτοι
954 2411 1172 2493 continentes
1201 2411 1255 2492 qui
1278 2430 1343 2477 non

78 2519 112 2583 ab
142 2519 212 2602 ipsa
245 2517 420 2601 incipiant,
454 2537 571 2584 versus
602 2517 674 2584 dico
702 2519 782 2584 Aah.
806 2515 888 2598 611,
922 2518 999 2600 Lys
1024 2516 1105 2600 905,
1139 2519 1222 2585 Ran.
1246 2515 1343 2600 1304,

76 2625 150 2692 Ρ150.
172 2624 267 2693 1178.
313 2627 493 2691 Praeterea
516 2624 557 2691 cf.
580 2624 729 2691 Platonis
754 2625 866 2692 comici
889 2624 928 2691 fr.
953 2624 1027 2707 187,
1051 2625 1080 2708 1,
1104 2625 1160 2692 ubi
1181 2625 1216 2691 in
1238 2624 1344 2708 prima

74 2749 178 2799 versus
202 2733 280 2800 sede
303 2731 451 2800 invenies
473 2736 589 2798 καίτοι.

167 2859 261 2924 Η555
283 2857 361 2923 mihi
384 2855 625 2938 praemittenda
649 2858 752 2937 erant,
784 2859 821 2920 ut
845 2856 1102 2922 demonstrarem
1125 2875 1218 2923 usum
1241 2855 1343 2940 tragi-

71 2979 170 3031 corum
193 2964 227 3030 in
250 2966 314 3031 555
337 2962 564 3030 coniunctione
587 2962 739 3046 ponenda
754 2963 1008 3045 Aristophanem
1031 2963 1133 3044 sequi.
1170 2963 1241 3030 Iam
1264 2981 1343 3028 non-

68 3070 168 3139 nullos
191 3072 319 3162 illorum
342 3090 495 3138 versuum
519 3069 739 3152 inspiciamus.

221 3200 329 3259 καίτοι
353 3193 439 3279 φιλῶ
461 3217 495 3276 γε
517 3196 579 3276 τὴν
603 3192 686 3277 ἐμήν
709 3192 821 3278 ψυχὴν
845 3191 914 3275 ἐγώ.
1054 3195 1135 3261 Aah.
1159 3192 1224 3259 357

221 3307 329 3366 καίτοι
346 3300 481 3366 δέδοικα
494 3299 619 3363 πολλά·
632 3300 709 3373 τούς
722 3323 757 3362 τε
768 3298 831 3385 γὰρ
844 3300 1038 3384 τρόπους...
1054 3302 1134 3368 Ach.
1158 3298 1223 3365 370

221 3413 330 3473 καίτοι
352 3413 401 3482 τίς
424 3406 510 3489 ὑμᾶς
533 3395 569 3469 εὖ
594 3408 703 3471 ποιεῖν
727 3406 907 3491 δυνήσεται
1054 3409 1152 3490 Vesp.
1176 3405 1241 3472 915

61 3528 177 3602 Nonne
201 3553 310 3600 eorum
342 3552 467 3599 summa
495 3534 546 3599 est
570 3531 761 3615 elegantia?
806 3532 874 3599 Res
904 3551 983 3599 vero
1013 3532 1063 3598 ita
1093 3527 1128 3598 se
1159 3532 1276 3613 habet,
1306 3534 1344 3596 ut

62 3636 107 3707 15
129 3642 256 3708 illorum
279 3660 441 3721 versuum,
466 3640 520 3721 qui
543 3660 564 3705 5
589 3658 667 3707 voce
683 3643 791 3703 καίτοι
813 3638 981 3722 incipiunt,
1007 3637 1049 3705 10
1064 3637 1252 3705 indissoluti
1267 3637 1343 3717 sint,

58 3741 83 3809 5
98 3747 215 3832 tragici
224 3745 261 3833 2),
285 3751 401 3814 contra
422 3746 442 3812 4
457 3747 594 3828 illorum,
619 3747 753 3828 quinon
777 3749 957 3828 sequuntur
972 3748 1058 3813 hunc
1074 3765 1177 3827 usum,
1199 3745 1339 3812 indisso-

61 3851 152 3924 lutus
174 3874 266 3934 unus,
290 3855 410 3939 tragici
434 3855 506 3936 dno,
530 3854 670 3922 comicus
694 3872 787 3920 unus.

171 4113 198 4179 1)
216 4130 241 4169 v.
261 4113 380 4169 Lexicon
400 4114 580 4183 Sophocleum
599 4130 683 4182 comp.
702 4113 747 4168 Fr.
766 4111 880 4166 Ellendt
899 4129 919 4167 s.
938 4127 1007 4168 voce
1031 4105 1148 4169 καίτοι.

171 4212 198 4275 2)
217 4211 284 4267 Nub.
305 4215 357 4268 876
384 4207 491 4267 καίτοι
513 4227 548 4285 γε
569 4201 736 4265 ταλάντου
759 4202 848 4265 τοῦτ’
872 4196 1003 4283 ’ἔμαθεν
1019 4197 1232 4283 Ὑπέρβολος.

68 4298 109 4353 Sic
126 4300 175 4367 R.;
200 4316 296 4356 versus
323 4307 366 4357 eet
391 4301 515 4358 comicus.
554 4302 655 4368 Recte,
681 4300 711 4354 ni
737 4299 832 4369 fallor,
858 4298 1011 4356 Meinelrius
1035 4297 1117 4354 eiecit
1142 4298 1210 4354 illud
1237 4313 1287 4373 ys,
1312 4300 1343 4350 ut

68 4389 190 4444 eveniret
207 4405 303 4445 versos
323 4390 454 4458 tragicos.
