2776 4906
587 374 807 440 -81-

47 570 185 650 statuit,
225 571 301 653 qnia
331 571 486 654 plurimos
520 576 719 654 anapaestos
755 572 906 656 dactylos
941 572 1127 639 tribrachos
1158 571 1336 639 admiserit.

51 673 121 758 Quo
147 697 226 745 vero
250 678 321 744 iure
344 681 448 745 totam
471 680 557 745 hano
581 679 855 761 comparationem
878 679 1048 746 instituit?

159 784 310 868 Tragicis
341 784 469 866 quidem
503 785 609 867 poetis
640 786 733 868 leges
765 785 864 852 datae
895 789 988 866 sunt,
1022 785 1079 852 ubi
1110 785 1240 852 comicis
1270 803 1336 851 non

10 903 17 979 j
53 889 157 956 solum
188 891 368 973 permissae
398 892 457 958 sed
486 891 655 958 iniunctae
687 895 764 958 sunt
793 893 957 960 licentiae.
1010 894 1056 960 Ut
1086 893 1121 958 in
1150 891 1336 960 observatis

10 991 16 1005 ”
52 993 125 1062 istis
148 998 277 1082 legibus
302 998 450 1080 pristinis
475 1018 514 1064 ac
538 999 664 1066 severis
688 999 888 1083 tragicorum
919 1000 1025 1084 gloria
1056 999 1165 1082 posita
1189 1003 1256 1080 θεῖ,
1285 999 1336 1066 ita

54 1121 128 1169 num
150 1105 318 1171 laudanda
342 1125 384 1170 an
407 1105 626 1187 vituperanda
649 1105 693 1170 sit
717 1107 910 1173 comicorum
933 1111 1104 1189 poetarum
1120 1125 1174 1172 ars
1190 1105 1336 1188 metrica,

57 1211 219 1294 exipsius
243 1211 331 1278 iliius
355 1212 436 1278 artis
459 1212 619 1292 licentiis,
652 1213 809 1294 quomodo
841 1214 888 1280 eis
920 1213 969 1279 usi
999 1213 1083 1294 sint,
1113 1231 1186 1279 mea
1207 1212 1336 1294 quidem

60 1318 203 1400 opinione
226 1318 434 1384 iudicandum
458 1324 518 1386 θεῖ.
565 1319 651 1402 Quid
674 1339 751 1386 vero
776 1340 871 1402 porro
901 1340 942 1387 ex
965 1319 1130 1400 omnibus,
1161 1339 1240 1401 quos
1263 1338 1336 1401 per-

61 1425 232 1508 pendimus,
257 1425 449 1492 comicorum
473 1426 631 1492 trimetris
655 1426 783 1493 eluxit?
828 1427 915 1494 Mira
938 1431 1020 1508 arte,
1047 1426 1142 1491 immo
1165 1425 1336 1509 ingeniose

63 1550 110 1598 eos
131 1551 200 1598 rem
228 1532 394 1599 metricam
423 1533 624 1614 excoluisse,
655 1538 693 1598 nt
722 1539 865 1601 venusta
895 1534 961 1601 ista
992 1535 1150 1600 nascatur
1178 1532 1335 1614 varietas,

66 1658 137 1720 quae
160 1658 219 1704 nos
244 1659 370 1720 quoque
383 1639 487 1718 ,iuvat
511 1643 610 1720 atque
634 1641 787 1708 delectat.
833 1642 951 1723 Itaque
974 1639 1137 1724 Rumpelii
1160 1643 1336 1720 eteorum,

66 1745 110 1826 qui
137 1745 227 1811 illum
258 1750 454 1826 sequnntur,
486 1746 653 1813 sententia
684 1748 878 1831 corrigenda
906 1751 973 1814 est:
1006 1766 1071 1814 non
1094 1746 1214 1830 peioris
1237 1749 1337 1812 notae

69 1872 112 1919 ars
141 1857 207 1934 est,
239 1871 303 1933 qua
326 1853 564 1935 Aristophanes
597 1853 779 1920 trimetrum
810 1855 982 1921 iambicam
1012 1854 1207 1937 composuit,
1239 1872 1337 1935 qnam

70 1959 265 2026 celeberrima
287 1959 346 2024 illa
367 1959 566 2044 tragicorum
590 1963 777 2042 poetarum,
808 1962 867 2028 sed
889 1980 1024 2044 prorsus
1052 1961 1185 2028 diversa
1207 1959 1338 2043 quidem

71 2068 102 2133 sb
133 2068 203 2132 arte
237 2065 381 2147 illorum,
415 2085 519 2148 neque
554 2070 665 2133 tamen
700 2067 806 2135 minus
841 2067 1043 2134 admiranda.
1095 2068 1191 2134 Hanc
1226 2070 1337 2134 autem

69 2172 276 2255 quaestionem
300 2192 358 2238 suo
382 2173 461 2254 iure,
485 2176 522 2239 nt
544 2173 695 2240 docuisse
718 2174 797 2241 mihi
819 2175 941 2256 videor,
964 2175 1166 2257 postulatam
1188 2194 1249 2241 nec
1264 2175 1336 2241 sine

10 2336 21 2345 ..
68 2277 172 2358 tuctu,
195 2281 233 2345 ut
256 2298 361 2361 spero,
384 2279 570 2346 institutam
595 2299 681 2346 nunc
705 2281 833 2363 quidem
857 2282 900 2348 ad
922 2281 1020 2348 finem
1042 2281 1189 2364 perduxi.
