2776 4906
579 348 801 415 ..23-

614 539 766 631 vespae.

206 671 259 732 νῠν
274 663 304 730 δ’
325 664 366 732 οὐ
383 672 495 752 κρατῶ
512 667 565 752 'yei
580 672 646 732 τῶν
665 668 810 751 ἐμαυτοῦ
825 666 1012 753 χρημάτων.
1043 664 1128 730 1354
1173 754 1175 759 k

209 773 274 848 νέος
296 773 363 860 γάρ
388 773 455 858 εἰμι
477 777 534 838 καὶ
557 774 768 859 φυλάττομαι
792 775 938 858 σφόδρα.

165 879 241 946 **τὸ
264 879 328 967 γὰρ
352 881 477 947 υῖίδιον
500 885 596 968 τηρεῖ
612 904 665 963 με,
689 877 787 944 κᾶστι
811 878 976 943 δύσκολον

207 984 331 1063 κᾶλλως
355 985 884 1072 κυμινοπριστοκαρδαμόγλυφον.

169 1093 300 1159 **ται”ιτ’
319 1084 380 1159 οὖν
403 1099 485 1178 περί
503 1117 568 1176 μου
591 1093 721 1156 δέδοικε
743 1091 788 1178 μὴ
814 1094 1007 1176 διαφθαρῶ.

210 1201 321 1288 πατὴρ
344 1201 406 1285 γὰρ
432 1199 540 1274 οὐδείς
563 1199 654 1263 ἐστιν
679 1197 769 1280 αὐτῷ
792 1196 882 1281 πλήν
905 1196 997 1279 ἐμοῦ.

59 1321 265 1393 Facetissimo
296 1327 368 1393 ioco
400 1325 468 1392 stili
498 1325 618 1408 tragici
648 1343 779 1404 versus,
813 1323 867 1404 qui
897 1323 1017 1390 insana
1045 1325 1104 1390 illa
1134 1324 1222 1391 senis
1252 1325 1332 1390 ficta

63 1435 234 1514 continent,
269 1454 341 1500 cum
375 1434 525 1502 versibus
561 1431 708 1510 comicis,
743 1431 797 1511 qui
827 1431 1003 1497 veritatem
1037 1432 1222 1514 continent,
1257 1451 1332 1497 con·

66 1538 241 1608 moiuntur.

649 1657 735 1733 Pax,

164 1811 210 1858 vv.
234 1788 298 1855 124
314 1787 459 1856 s.-149.
505 1790 685 1872 lhygaeus,
709 1787 803 1868 quasi
826 1788 1045 1870 Bellerophon
1069 1788 1121 1869 sit,
1149 1788 1184 1853 in
1207 1789 1332 1854 caelum

76 1898 213 1979 proficisci
236 1894 380 1981 coepitl)
426 1897 547 1962 Valere
570 1895 661 1960 iubet
684 1894 792 1974 filiam,
820 1915 903 1976 quae
926 1895 1013 1960 inter
1036 1895 1102 1960 alia
1124 1896 1206 1960 haec
1230 1900 1333 1976 curat,

79 2007 108 2069 nt
131 2004 348 2090 τραγικώτερος
379 2003 421 2070 ad
452 2003 530 2069 deos
561 2002 675 2070 veniat
706 2000 762 2086 (cf.
787 2022 840 2070 vv.
865 2001 929 2068 135
947 1999 1003 2087 s),
1037 2002 1199 2086 tragicum
1229 2002 1333 2086 igitur

82 2129 137 2176 eum
161 2110 219 2176 iam
249 2130 336 2176 nuno
368 2130 441 2176 esse
471 2111 545 2193 ipsa
576 2110 758 2176 confitetur.
805 2109 911 2176 Huius
943 2129 1083 2176 scaenae
1112 2109 1332 2175 trimetrornm

82 2217 237 2284 indissoluti
260 2221 337 2284 suut
360 2216 412 2298 ⁶22,
436 2217 556 2300 tragici
579 2216 608 2297 ⁸2,
633 2215 746 2282 comici
769 2215 799 2282 2.

641 2409 745 2484 hves.

163 2558 212 2605 vv.
236 2535 466 2619 roeo-1242,
499 2535 594 2618 1257,
627 2536 722 2602 1259.
775 2537 838 2603 Iris
872 2538 982 2605 verbis
1013 2537 1213 2604 Pisthetaeri
1246 2537 1334 2604 irata

81 2641 149 2708 illum
168 2644 322 2726 increpat,
346 2645 441 2725 qnasi
463 2644 655 2728 tragoediae
680 2645 742 2709 dea
766 2663 807 2709 ex
830 2645 981 2710 machina
997 2645 1049 2711 sit.
1082 2647 1205 2711 Versus
1222 2664 1334 2712 omnes

30 2781 37 2827 l,
80 2747 238 2816 indissoluti
276 2755 369 2831 sunt,
408 2751 437 2816 si
475 2744 598 2835 ὕβρέὧς
636 2752 670 2815 in
704 2770 803 2818 versu
839 2750 924 2816 1259
964 2772 1023 2834 per
1064 2752 1230 2836 synizesin
1267 2752 1333 2836 legi

35 2907 37 2915 .
80 2856 213 2924 concedis.

492 2977 895 3070 Thesmophoriazusae.

162 3108 213 3157 vv.
238 3087 413 3154 134-145

212 3196 269 3260 καὶ
294 3194 323 3259 τ’
348 3190 372 3258 ὦ
396 3199 517 3276 νεᾶνις,
540 3190 611 3283 ἥτις
635 3188 676 3277 εἶ,
699 3193 771 3260 κατ’
794 3193 958 3278 Αἰσχύλον
1046 3194 1110 3260 134

214 3300 249 3364 ἐκ
274 3305 334 3386 τῆς
357 3307 578 3387 Λυκουργείας
603 3302 744 3388 ἐρέσθαι
766 3302 947 3387 βούλομαι·

75 3419 115 3486 lo
134 3425 335 3509 Agathonem
359 3427 580 3493 Mnesilochus
612 3446 647 3493 se
678 3427 797 3508 vertit,
832 3427 1015 3509 Aeschylus
1047 3425 1248 3493 nominatur:
1284 3447 1333 3494 se-

74 3532 195 3604 qunntnr
218 3551 271 3600 vr.
295 3531 408 3598 indiss.
433 3529 462 3612 6,
485 3534 570 3615 trag.
595 3531 624 3598 4.

629 3723 762 3797 Ranae.

163 3850 290 3915 Aeacus
329 3849 449 3915 falsum
484 3851 658 3916 Herculem
697 3849 786 3916 fores
820 3850 1005 3931 pulsantem
1043 3850 1254 3916 vehementer
1286 3850 1334 3916 in·

71 3956 171 4031 crepat
193 3958 290 4036 atque
318 3954 352 4020 in
375 3955 532 4038 longioris
557 3956 714 4023 orationis
745 3956 809 4020 fine
839 3955 989 4023 versibus
1020 3955 1133 4021 iudiss.
1158 3954 1334 4021 474-478

70 4069 178 4131 poenas
209 4061 380 4142 describit,
412 4082 495 4143 quae
525 4066 681 4129 maneant
705 4062 837 4129 Cerberi
866 4066 1031 4143 raptorem
1061 4061 1126 4144 ita,
1156 4064 1194 4128 ut
1223 4062 1334 4129 verbis

69 4175 182 4246 tuoque
203 4168 340 4251 tragicis
364 4171 485 4236 utatur.

30 4336 32 4341 ,
69 4315 267 4337 κ-

164 4413 191 4479 1)
209 4414 281 4470 Vide
301 4417 479 4486 Bakhuyzen,
499 4418 532 4471 de
551 4417 668 4484 perodio
687 4418 716 4472 in
734 4416 882 4472 comoediis
901 4415 1091 4484 Aristophanis
1109 4434 1135 4487 p.
1154 4420 1188 4472 72
1200 4434 1221 4474 s.
1324 4388 1327 4397 Ι
