2776 4906
678 344 877 411 ..g-

135 545 241 632 magis
264 547 350 613 tales
373 565 489 614 versus
514 545 698 628 elegantius
723 543 943 613 conformatos
966 546 1082 631 dignos
1107 566 1188 628 esse,
1213 546 1267 629 qui
1283 567 1383 614 accur

136 656 203 722 tius
235 655 495 735 considerentur,
526 674 633 720 nonne
664 660 701 720 ut
730 655 818 720 inter
848 657 1023 740 lyricorum
1053 655 1218 721 trimetros
1242 656 1329 736 illos,
1362 675 1383 736 q

137 763 315 829 admittunt
338 763 530 845 solutiones,
556 762 605 829 ita
627 765 714 831 inter
737 768 929 833 comicorum
952 765 1040 844 illos,
1072 763 1125 844 qui
1149 764 1277 828 omnino
1302 782 1378 829 care

136 870 365 951 solutionibus,
399 870 537 936 maxime
568 875 793 941 memorabiles
829 894 902 941 6666
935 870 1175 938 concedendum
1206 871 1282 937 est?
1335 871 1383 935 Mi

136 976 264 1058 quidem
295 997 413 1060 operae
441 979 580 1060 pretium
604 999 677 1047 6666
706 981 811 1048 visum
843 985 894 1047 est
918 979 1141 1062 quaestionem
1171 979 1345 1046 instituere

138 1084 323 1150 comoediae
347 1105 430 1166 quae
447 1084 570 1167 ἀρχαία
588 1093 728 1154 vocatur
750 1088 907 1154 trimetris
930 1085 1134 1153 indissolutis
1151 1123 1192 1131 -
1209 1085 1309 1151 liceat
1332 1085 1387 1152 eni

137 1193 200 1257 hac
222 1211 304 1259 voce
327 1192 377 1257 uti
401 1229 440 1239 —
467 1193 522 1275 qui
544 1194 637 1260 nobis
662 1195 787 1262 servati
811 1197 897 1276 sunt,
920 1194 1017 1275 idque
1041 1213 1079 1258 60
1095 1193 1210 1277 magis,
1235 1213 1297 1274 quo
1313 1213 1384 1271 ma

137 1299 205 1366 vidi
228 1319 293 1366 non
318 1319 397 1368 casu
419 1299 471 1366 hio
496 1302 726 1382 accumulatos,
748 1302 802 1368 hic
824 1301 954 1384 parcius
978 1319 1034 1366 eos
1058 1320 1132 1367 esse
1156 1300 1329 1380 adhibitos,
1360 1320 1388 1366 s:

138 1410 227 1473 66110
258 1409 397 1489 quodam
431 1408 565 1474 consilio
601 1413 776 1476 commotos
810 1411 926 1491 poetas
960 1410 1047 1474 huno
1081 1408 1134 1476 vel
1166 1407 1256 1474 illum
1286 1427 1386 1476 versu

136 1516 356 1598 composuisse
381 1518 453 1584 6116
476 1515 651 1582 exactiore.

669 1799 882 1806 ———--

639 2012 917 2124 Praelatio.

763 2226 791 2293 1.

244 2337 408 2421 Quattuor
437 2335 577 2402 trimetri
604 2334 735 2400 iambici
766 2334 973 2401 acatalectici
1003 2334 1128 2400 formae
1152 2354 1172 2400 a
1195 2334 1369 2420 grammati

137 2442 475 2529 commemorantur1),
500 2464 583 2526 quae
608 2463 665 2510 suo
689 2445 760 2510 iure
782 2444 983 2509 reducuntur
1006 2443 1049 2508 ad
1072 2441 1193 2507 formas
1216 2444 1286 2509 1166
1309 2441 1387 2508 nobi

136 2574 198 2637 que
214 2557 313 2621 notae
329 2555 408 2620 sunt
422 2553 482 2617 sub
499 2549 628 2617 nomine
643 2551 783 2617 trimetri
805 2549 900 2634 lyrici
923 2549 1043 2633 tragici
1066 2548 1187 2631 comici.
1218 2547 1377 2616 Zielinski

136 2661 257 2744 optime
279 2660 335 2726 ille
359 2659 400 2724 de
424 2657 589 2724 comoedia
612 2657 747 2724 meritus
770 2657 835 2722 iam
858 2657 924 2723 tria
946 2658 1029 2722 haec
1050 2656 1270 2722 trimetrorum
1293 2676 1388 2740 gene

135 2767 170 2834 in
193 2767 360 2834 comoedia
383 2762 520 2848 reperiri
542 2761 743 2850 cognovit2),
771 2765 830 2831 sed
854 2784 925 2830 cnm
947 2783 1012 2831 non
1036 2763 1223 2830 accuratius
1246 2761 1375 2844 fusiusq

136 2874 243 2959 egerit
255 2875 294 2940 16
305 2873 411 2940 tribus
422 2872 474 2938 his
487 2872 672 2957 generibus,
688 2871 866 2954 proximum
881 2871 956 2952 erit,
980 2874 1017 2936 ut
1032 2871 1146 2953 paucis
1162 2889 1230 2937 rem
1246 2889 1388 2953 expona

243 2983 349 3046 Primi
370 2979 457 3046 illins
474 2979 604 3062 generis
620 2978 796 3060 trimetros,
820 2979 859 3045 de
876 2979 992 3060 quibus
1008 2977 1042 3043 in
1057 2979 1208 3044 1016160
1223 2977 1388 3060 quaestio:

136 3089 214 3155 mihi
237 3108 290 3155 res
315 3087 386 3168 erit,
410 3106 474 3153 non
496 3086 626 3170 lyricos,
651 3077 991 3153 sedindissolutos
1015 3085 1183 3152 nominare
1205 3085 1284 3150 mihi
1306 3085 1383 3152 1166

137 3195 256 3280 quippe
280 3215 344 3277 qua
368 3193 588 3277 appellatione
612 3193 752 3259 dilucide
776 3213 886 3260 eorum
920 3179 1026 3276 forma
1048 3191 1251 3276 significetur
1273 3193 1371 3260 haec:

458 3357 542 3363 ——
599 3315 756 3405 -l—-
813 3315 970 3404 -l—-
1026 3313 1092 3404 -l

243 3445 384 3510 Secundo
415 3443 533 3511 deinde
554 3443 682 3526 ¹generi
711 3444 796 3524 quod
829 3442 1095 3525 tragicorum
1128 3460 1282 3509 versuum
1311 3460 1377 3524 gon

136 3550 322 3616 nominatur
344 3569 461 3617 versus
483 3549 626 3616 tribuam
648 3551 709 3616 has
732 3549 933 3632 tragicorum
954 3549 1046 3632 leges
1070 3567 1135 3615 uon
1158 3547 1336 3615 violantes:

348 3656 516 3737 tribrachi,
544 3655 673 3723 etiamsi
696 3675 738 3724 ex
761 3656 977 3738 compluribus
1001 3654 1170 3722 vocabulis
1195 3656 1358 3733 constant,

297 3762 435 3844 primam
456 3781 560 3844 usque
584 3763 626 3829 61
650 3762 796 3844 quintam
818 3781 935 3830 versus
959 3763 1070 3829 661611
1093 3759 1319 3839 admittuntur,

245 3974 272 4040 1)
292 3976 428 4043 Quattuor
452 3975 554 4030 formas
578 3975 662 4031 schol.
688 3975 822 4030 discernit
846 3976 882 4030 ad
904 3974 1056 4045 Hephaest.
1075 3975 1116 4029 VI
1136 3974 1177 4028 ed.
1198 3971 1283 4027 Gsisi.
1303 3988 1328 4040 p.
1349 3974 1356 4025 l

138 4058 198 4118 τοῦ
216 4055 252 4118 δὲ
271 4052 427 4136 ἰαμβικοῦ
441 4055 564 4136 μέτρου
579 4054 783 4138 χαρακτῆρὲς
806 4052 869 4118 εἰσι
885 4053 1056 4138 τέσσαρες,
1080 4049 1241 4134 τραγικὰς,
1265 4073 1354 4132 ampo

138 4141 312 4226 σατυρικὸς
341 4144 398 4207 καὶ
422 4136 506 4207 οὕτω
529 4147 600 4216 πῶς
622 4140 712 4216 ἰδίως
740 4141 913 4224 λεγόμενος
942 4140 1094 4225 laudande
1128 4149 1158 4215 (1.
1182 4165 1205 4204 e.
1236 4148 1338 4216 lyricus

136 4239 294 4295 nominatur
310 4240 457 4306 trimeter).

243 4327 271 4394 2)
290 4329 341 4385 Tb.
354 4329 489 4385 Zielinski
506 4329 536 4384 in
547 4329 617 4384 libro
634 4328 681 4395 qui
692 4328 774 4384 iuscr.
790 4328 975 4396 „Gliederung
993 4329 1041 4382 der
1053 4327 1231 4385 altettischen
1243 4325 1325 4381 Konr

136 4435 161 4486 p.
181 4420 279 4473 29261.
1087 4444 1089 4449 >
