2776 4906
600 375 819 440 ...35-

506 697 634 808 Pars
672 698 915 809 secunda.

131 869 184 935 De
208 889 267 936 usu
289 869 520 954 trimetrorum‚
548 874 602 954 qui
627 875 669 940 ad
694 876 876 958 augendam
900 875 1059 941 scmnouis
1081 876 1279 958 gravitatem

482 980 615 1047 formati
639 987 716 1047 sunt
738 982 934 1048 indissoluti.

149 1239 263 1332 capnt
286 1240 455 1332 primurn:
482 1243 531 1316 De
555 1242 725 1316 trimetris
749 1245 793 1316 ad
819 1247 1043 1333 spectatores
1069 1247 1264 1318 conversis.

696 1370 724 1437 1.

174 1496 434 1562 Acharnensium
470 1497 615 1563 fabulam
650 1516 750 1578 snpra
787 1497 881 1563 nobis
919 1497 1197 1580 perlustrantibus
1232 1515 1346 1562 versus

67 1597 105 1665 26
123 1620 160 1682 s,
186 1599 361 1668 370-376
394 1624 434 1669 ea
465 1604 505 1669 de
537 1623 638 1669 causa
661 1603 886 1669 memorabiles
916 1604 1096 1683 visisunt,
1127 1603 1203 1684 quia
1234 1623 1347 1670 novem

11 1766 17 1775 .
66 1707 113 1772 his
139 1709 301 1776 trimetris
324 1711 528 1778 indissolutis
545 1712 783 1795 Aristophanes
807 1712 1027 1777 Athenienses
1052 1711 1261 1777 acerbissime
1277 1730 1348 1792 per-

17 1805 21 1889 s
65 1815 219 1899 strinxit,
259 1819 301 1884 ad
335 1823 540 1901 spectatores
577 1820 679 1902 igitur
713 1839 893 1885 sermonem
929 1819 1048 1884 direxit
1087 1817 1133 1902 (v.
1155 1839 1208 1902 pg.
1233 1817 1273 1882 11
1299 1815 1348 1901 s).

63 1923 157 1990 Unde
184 1925 327 2008 proiecti
350 1927 467 1993 similia
491 1946 686 2008 quaeramus
711 1930 809 2007 atque
832 1927 968 2009 primum
990 1927 1118 2007 quidem
1134 1925 1230 1991 Pacis
1255 1945 1350 2006 quem

61 2030 203 2098 afferam
226 2033 332 2099 locum
356 2034 605 2100 consideremus.

173 2159 347 2242 Trygaeus
372 2160 448 2240 quid
471 2159 575 2226 faciat
589 2161 739 2225 Polemus
764 2160 947 2228 observitat
962 2161 1203 2239 observataque
1221 2162 1349 2240 specta-

57 2265 195 2332 toribus
219 2267 397 2332 renuntiat.

10 2458 13 2467 ,
57 2393 170 2476 Tryg.
234 2385 286 2476 ἄρ’
310 2383 407 2466 οὗτός
431 2390 498 2454 ἐστ’
523 2391 654 2471 ἐκεῖνος,
681 2389 717 2455 ’δν
739 2393 794 2455 καῖ
819 2392 992 2476 φεύγομεν,
1061 2393 1137 2456 Pac.
1161 2389 1226 2455 240

185 2496 250 2562 **ῦ
268 2499 387 2578 δεινός,
405 2498 422 2561 ὁ
439 2497 646 2583 ταλαύρινος,
665 2497 682 2561 ὃ
698 2498 784 2562 κατὰ
800 2501 871 2561 τοῖν
888 2497 1017 2562 σκελοῖν
1023 2496 1068 2583 ςῙ)

10 2648 13 2669 .
54 2607 133 2672 Pol.
204 2603 271 2669 *ἰώ
294 2607 442 2690 Πρασιαὶ
465 2607 534 2688 τρῖς
559 2602 680 2669 ἄθλιαι
702 2607 758 2668 καῖ
781 2606 936 2678 πεντάκις

10 2694 13 2705 ’
187 2713 286 2777 ”aab
310 2711 545 2786 πολλοδεκάκις
569 2711 611 2786 ὥς
635 2711 824 2776 ἀπολεῖσθε
847 2711 999 2795 τήμερον.
1046 2746 1048 2756 =

55 2820 169 2904 Tryg.
195 2821 237 2886 ad
260 2824 479 2902 spectatores:
503 2821 596 2883 τοιιτῖ
618 2819 680 2901 μὲν
704 2815 822 2902 ἄνδρες
847 2817 944 2883 οὐδὲν
967 2817 1047 2904 ἡμῖν
1070 2817 1207 2902 πρᾶγμά
1233 2838 1304 2880 πω·

231 2925 270 2990 τὸ
293 2925 355 3010 γὰρ
377 2925 479 2990 κακὸν
502 2925 590 2990 τοῦτ’
615 2926 687 2990 ἐστὶ
710 2930 769 3012 τῆς
792 2930 994 3010 Λακωνικῆς.

58 3051 186 3118 Nonne
209 3053 308 3119 multo
333 3053 516 3135 elegantius
541 3053 602 3118 duo
627 3053 660 3117 hi
683 3072 799 3118 versus
824 3051 1018 3119 conformati
1041 3055 1118 3117 sunt
1142 3070 1238 3131 quarn
1259 3053 1350 3114 ante-

60 3158 251 3226 cedentes?
296 3161 335 3225 In
358 3164 430 3226 tota
453 3180 530 3227 vero
554 3161 617 3225 hac
640 3180 775 3241 scaena,
807 3179 889 3240 quae
912 3159 1019 3225 tendit
1042 3178 1144 3238 usque
1168 3158 1210 3222 ad
1233 3175 1350 3223 versus

232 3287 291 3348 νῦν
314 3283 406 3348 ἐστιν
428 3283 509 3369 ἡμῖν
533 3278 653 3368 ὦνδρες
667 3279 820 3371 Ἕλληνες
843 3283 945 3348 καλὸν

233 3390 453 3474 ἀπαλλαγεῖσι
477 3391 678 3475 πραγμάτων
701 3392 815 3454 τεκαὶ
837 3395 954 3473 μαχῶν

233 3496 407 3573 ἐξελκύσαι
429 3498 490 3582 τὴν
513 3502 620 3562 πᾶσιν
644 3496 789 3585 Εἰρήνην
813 3498 913 3584 φίλην

207 3602 314 3689 *πρὶν
337 3598 450 3691 ἕτερον
474 3599 517 3672 αὖ
540 3607 679 3670 δοίδυκα
701 3606 851 3670 κωλῦσαί
870 3629 945 3670 τινα
1063 3606 1139 3670 Pac.
1163 3601 1227 3668 295

77 3747 133 3795 res
161 3728 207 3796 ita
235 3750 271 3797 se
299 3734 408 3798 habet.
454 3735 625 3816 Trygaeus
650 3732 690 3798 15
723 3753 839 3801 versus
871 3734 914 3799 ad
945 3735 1148 3814 spectatores
1179 3726 1350 3806 converti,

80 3853 207 3916 quorum
235 3839 423 3906 indissoluti
453 3845 530 3906 sunt
553 3839 582 3920 9,
613 3846 698 3925 trag.
723 3840 752 3921 4,
784 3861 862 3907 com.
886 3839 916 3906 2.
962 3841 1100 3904 Praeter
1130 3837 1203 3902 illos
1234 3852 1350 3900 versus

82 3943 195 4011 recitat
215 3946 426 4013 indissolutos
451 3947 480 4027 3,
504 3952 589 4032 trag.
613 3947 643 4027 7,
667 3968 746 4014 com.
770 3947 799 4013 2.

182 4071 272 4138 Haec
291 4074 461 4139 hactenus,
500 4074 599 4138 Nemo
624 4092 701 4138 vero
727 4076 778 4136 est
801 4071 855 4151 qui
878 4071 1007 4136 nesciat
1023 4069 1280 4155 προλογίζοντας
1303 4065 1350 4128 in-

86 4173 186 4254 prinis
215 4179 406 4261 histrioneS,
442 4200 513 4245 curn
544 4180 675 4244 fabulae
707 4183 933 4260 argumentum
968 4196 1131 4259 exponere
1161 4174 1278 4253 velint,
1309 4171 1351 4236 ad

89 4336 286 4350 ,ιι-ι...-

184 4429 211 4495 1)
227 4430 262 4486 ci.
281 4445 349 4497 quae
369 4430 499 4484 adnotavi
518 4431 546 4484 in
564 4445 609 4498 pg.
629 4433 663 4482 43
680 4446 709 4484 ε..
