2776 4906
655 348 875 418 ,56-

760 546 849 611 όλλό
871 547 932 632 χρὴ
956 551 1044 622 θεᾶς
1116 545 1180 614 Av.
1205 542 1284 613 1718

255 656 424 743 *Μούσης
447 656 590 739 ἀνοίγειν
614 655 703 742 ἱερόν
726 651 878 741 εόφημον
902 655 1023 738 στόμα.

281 761 413 849 ᾄδωμεν
436 761 481 836 εἰς
503 761 563 827 τόν
586 762 756 849 δεσπότην
781 762 945 845 ἐγκώμιον.
1114 760 1217 827 Arist.
1240 759 1276 828 fr.
1295 763 1343 835 491

281 870 460 946 ξυναυλίαν
481 869 679 952 κλαύσωμεν
704 867 886 951 Οὐλύμπου
909 870 1022 953 νόμον.
1112 868 1196 950 Equ.
1218 867 1240 932 8

280 975 342 1039 ἄλλ
366 969 391 1041 ολ
413 978 527 1041 τέκνον
551 975 588 1040 σὲ
613 975 675 1059 μὲν
697 975 735 1039 τό
760 981 888 1062 σαυτῆς
903 975 963 1060 χρὴ
981 977 1091 1040 ποιεῖν
1111 976 1241 1041 Thesm.
1263 973 1333 1045 1999

253 1082 395 1149 *κλάειν
418 1083 555 1158 ἐλεινῶς.
570 1141 606 1147 -
622 1082 660 1146 σὲ
685 1081 715 1146 δ’
738 1083 908 1148 ἐπικλάειν
931 1076 1079 1166 ὕστερον.

231 1190 353 1274 ..ἐμοὶ
374 1190 512 1276 μελήσει
534 1192 643 1254 ταῦτά
665 1189 704 1272 γ’,
729 1189 801 1254 ἀλλ’
825 1185 929 1274 ἄρχου
951 1189 1045 1272 γόων.

278 1295 343 1382 ᾤου
444 1298 689 1380 προσάξεσθαί
708 1321 782 1363 τινα
1109 1298 1198 1364 Εσσλ.
1221 1297 1282 1363 885

278 1402 405 1491 ᾄδουσῆ
430 1404 489 1488 ἐγω
514 1404 544 1469 δ’
566 1401 608 1489 ἢν
632 1411 731 1470 τοότο
755 1407 838 1490 δρᾷς
860 1404 1059 1491 ἀντᾴσομαι.

754 1511 877 1575 κάείσω
898 1510 1001 1575 καλόν
1108 1513 1186 1594 Lys.
1210 1509 1290 1577 1243

277 1621 310 1694 ἐς
332 1619 396 1694 τεός
415 1619 592 1693 Ἀσαναίως
614 1642 651 1681 τε
673 1615 752 1701 χόμ’
775 1615 884 1702 όὲεισμ’
906 1617 988 1703 ἁμᾷ.

274 1728 333 1810 ἐγώ
354 1726 359 1812 Ι
380 1726 551 1813 ἐπᾴσομαι
573 1724 673 1809 με’λος
695 1749 727 1790 τι
749 1724 1030 1808 μελλοδειπνικόν.
1104 1725 1194 1791 Εσολ.
1219 1724 1299 1791 1159

274 1832 469 1919 ...Αἰσχίνης
478 1885 484 1900 .
494 1885 501 1900 .
511 1885 518 1900 .
530 1830 534 1920 Ι
544 1833 628 1918 α’νιΙρ
641 1833 747 1917 σοφός
757 1834 813 1896 καὶ
820 1830 977 1915 μουσικός
987 1831 1199 1918 καντηὶσεται.
1207 1831 1365 1915 Vespl242

273 1929 310 2005 τό
324 1932 386 2004 οἶδ’
396 1932 447 2004 ὅτι
458 1937 463 2027 Ι
475 1940 513 2005 οό
525 1940 684 2026 πράγματ
696 1938 781 2026 ᾄσει.
794 1939 966 2024 σώφρονος
972 1939 1035 2021 γὰρ
1044 1930 1078 2001 εἴ
1081 1938 1218 2024 πατρὸς.
1227 1939 1364 2008 Ραο.1296

273 2041 391 2132 οόποψ
412 2046 572 2130 μελῳδεῖν
595 2035 637 2110 αὖ
662 2047 961 2130 παρασκευάζεται.
1105 2048 1167 2116 AV.
1190 2046 1256 2114 226

272 2160 364 2238 σίγα·
387 2152 554 2237 μελῳδίαν
576 2153 875 2237 παρασκευάζεται.
1105 2157 1235 2222 Thesm.
1257 2153 1297 2221 99

218 2283 342 2374 Horum
367 2300 493 2362 quoqne
516 2300 670 2349 versuum
692 2281 770 2347 lima
792 2281 911 2364 optime
930 2282 1100 2347 elaborata
1115 2284 1169 2348 est
1184 2284 1290 2364 atque,
1309 2284 1367 2364 quie

110 2391 215 2456 nullos
239 2388 310 2455 fere
333 2389 433 2470 pedes
457 2390 582 2455 solutos
606 2388 784 2469 continent,
806 2389 928 2454 maiore
946 2389 1089 2471 pondere
1104 2388 1240 2456 recitari
1254 2392 1367 2472 possunt

110 2500 144 2562 et
166 2496 287 2579 optime
312 2495 514 2578 dialogorum
536 2499 649 2578 partes
674 2496 879 2563 concludunt.

213 2782 284 2846 Iam
301 2781 343 2846 ad
360 2780 455 2847 finem
472 2780 679 2863 perduximus
704 2781 984 2862 quaestiunculam
1008 2783 1048 2848 de
1063 2782 1223 2849 trimetris
1245 2781 1366 2864 quaein

108 2907 230 2953 scaena
254 2891 397 2970 agantur
420 2888 668 2970 explicantibus,
714 2889 820 2955 Multa
848 2908 928 2955 sane
960 2891 1109 2973 exempla
1140 2892 1274 2958 exstant
1299 2907 1366 2972 quae

106 3013 171 3060 non
195 2994 301 3075 attuli,
326 2995 385 3060 sed
408 2995 485 3076 quid
508 2995 627 3078 plura?
664 2997 718 3061 Ex
737 2996 848 3062 allatis
871 3016 944 3062 mea
967 2997 1096 3078 quidem
1119 2997 1286 3065 sententia
1299 2995 1366 3063 sutis

105 3100 276 3168 evidenter
311 3105 449 3184 apparet
481 3102 568 3168 inter
602 3103 775 3169 subtiliora
814 3103 953 3170 artificia
987 3103 1180 3171 comicorum
1214 3106 1365 3187 poetamnu

103 3206 199 3288 parvi
232 3209 386 3274 momenti
419 3229 484 3275 non
519 3229 592 3276 esse
626 3211 723 3290 illud,
761 3229 823 3291 quo
859 3211 1044 3277 sententiae
1080 3213 1122 3278 ad
1156 3210 1364 3295 explicandum

105 3312 264 3380 actionem
287 3315 434 3382 insertae
457 3317 607 3384 versibus
632 3317 899 3400 castigatioribus
923 3318 1158 3400 concipiuntum

136 3623 249 3716 caput
271 3600 433 3699 tertium:
463 3626 512 3698 lle
536 3626 681 3718 reliquis
705 3628 887 3715 trimetris,
912 3630 971 3721 qui
995 3632 1033 3705 ut
1057 3651 1101 3704 en
1124 3630 1339 3705 multitudiue

440 3732 621 3808 emineant
644 3737 768 3810 curent
790 3735 1041 3812 solutionibus.

726 3861 755 3928 1.

205 3965 324 4030 Actum
348 3968 400 4030 est
423 3965 463 4030 de
487 3967 678 4034 comicorum
701 3969 858 4035 trimetris
889 3971 929 4038 iis
961 3973 1076 4054 quibus
1108 3974 1149 4039 ad
1174 3976 1362 4056 spectatores

100 4069 279 4136 orationem
303 4070 498 4154 dirigebant,
525 4077 730 4141 transactum
753 4076 852 4142 etiam
876 4077 916 4143 de
938 4078 979 4145 iis
1004 4080 1119 4160 quibus
1144 4080 1282 4148 actionis
1303 4096 1362 4163 pro·

99 4193 247 4257 gressum
271 4177 489 4259 explicabant,
517 4180 684 4247 uideamus
708 4202 794 4249 nuno
819 4184 947 4264 quidem
970 4187 1098 4252 omnino
1122 4207 1179 4254 eos
1201 4187 1362 4265 trimetros,

98 4300 178 4362 quos
208 4283 362 4366 graviore
392 4286 534 4366 pondere
565 4288 698 4355 recitari
727 4290 908 4371 voluerint,
942 4293 1128 4375 elegantius
1159 4296 1201 4361 ab
1230 4294 1273 4363 iis
1300 4308 1362 4361 esst

98 4386 327 4459 conformatos.
