2776 4906
575 337 770 403 ..9.-

247 531 387 616 dactyli,
419 533 549 600 etiamsi
576 554 642 601 non
669 534 703 600 in
726 553 790 600 uno
813 532 926 599 insunt
955 533 1114 601 vocabulo
1144 533 1181 598 in
1211 533 1316 615 prima

192 639 273 706 sede
296 640 477 723 tertiaque;

247 747 420 830 anapaesti
443 748 607 814 nominum
631 748 832 831 propriorum
861 748 895 814 in
919 747 1067 813 omnibus
1094 747 1228 813 sedibus
1251 747 1315 813 nisi

192 852 227 919 in
258 853 373 919 ultima
404 855 642 935 conceduntur,
674 874 744 922 cum
777 854 950 937 anapaesti
979 853 1250 936 appellativorum
1280 854 1314 919 in

193 959 299 1041 prima
321 962 448 1026 tantum
481 962 559 1027 sede
582 960 749 1043 ferantur,
780 980 860 1042 quos
891 980 996 1042 neque
1027 980 1069 1026 ex
1096 960 1314 1043 compluribus

192 1066 363 1133 vocabulis
387 1069 580 1150 compositos
605 1088 679 1135 esse
702 1068 894 1152 permissum
918 1071 970 1134 est
999 1087 1105 1150 neque
1128 1071 1217 1134 ortos
1241 1087 1314 1135 esse

195 1192 237 1239 ex
268 1173 456 1240 accessione
488 1175 664 1258 augmenti.
710 1177 781 1242 Non
813 1174 960 1256 equidem
988 1174 1098 1242 nescio
1125 1175 1314 1257 Euripidem

194 1279 300 1363 ipsum
323 1280 454 1347 ultimas
478 1283 539 1348 has
562 1283 654 1366 leges
677 1282 841 1348 interdum
855 1281 1000 1349 violasse
1010 1280 1046 1366 ¹),
1070 1283 1129 1348 sed
1144 1285 1182 1347 ut
1196 1281 1315 1366 tragici

194 1406 311 1454 versus
334 1388 449 1467 forma,
472 1390 579 1470 quoad
602 1389 672 1456 fieri
694 1393 814 1472 potest,
837 1389 980 1456 dilucida
1003 1392 1101 1470 atque
1125 1388 1316 1456 circumcisa

195 1497 371 1576 statuatur,
395 1514 436 1560 ne
455 1495 529 1562 illos
546 1496 672 1577 quidem
698 1495 883 1562 comoediae
907 1514 1024 1562 versus
1047 1495 1192 1579 tragicos
1214 1495 1314 1561 nomi-

194 1602 290 1683 nabo,
314 1601 376 1682 qui,
400 1605 630 1684 praeterquam
653 1602 738 1683 quod
760 1603 870 1684 plures
887 1603 1013 1668 duabus
1037 1601 1207 1668 continent
1230 1603 1315 1668 solu·

193 1707 311 1788 tiones,
335 1708 378 1773 ad
400 1708 560 1792 tragicam
585 1728 728 1775 normam
754 1709 948 1775 conformati
971 1711 1058 1775 sunt.

145 1815 243 1880 Tertii
273 1814 411 1896 denique
441 1815 572 1899 generis
604 1834 715 1882 omnes
746 1819 824 1882 sunt
854 1834 987 1895 versus,
1022 1815 1077 1896 qui
1106 1815 1182 1880 illas
1213 1814 1315 1898 tragi-

55 1940 147 1987 corum
167 1921 259 2005 leges
282 1923 335 1988 vel
359 1925 395 1987 ut
419 1923 547 1988 cautius
572 1922 686 2002 dicam,
710 1923 764 2004 qui
786 1923 878 2006 leges
902 1942 1001 2004 supra
1025 1941 1045 1988 a
1064 1941 1115 1988 me
1131 1921 1315 2003 descriptas

56 2047 107 2093 non
134 2032 327 2110 sequnntur,
359 2032 458 2111 atque
481 2031 543 2095 hoc
566 2033 619 2095 est
640 2049 745 2113 genus
776 2029 995 2096 trimetrorum
1019 2048 1099 2111 quos
1131 2028 1315 2095 comicos

57 2135 202 2218 appellare
224 2135 332 2202 liceat.

145 2242 213 2326 Quo
237 2263 314 2310 vero
339 2243 526 2310 accuratius
549 2243 655 2327 possit
676 2243 827 2327 perspici,
851 2263 990 2326 quonam
1013 2244 1083 2310 iure
1099 2244 1133 2309 in
1149 2243 1316 2309 comoedia

57 2347 110 2413 tria
141 2348 197 2415 illa
235 2350 456 2416 trimetrorum
497 2370 621 2435 genera
663 2351 922 2431 constituantur,
968 2351 1099 2417 fabulas
1138 2349 1316 2433 perquisivi

56 2455 295 2522 nebarnensium
329 2459 512 2540 Vesparum
546 2458 635 2524 Pluti
673 2477 887 2540 numerosque
926 2458 1043 2542 collegi
1080 2477 1233 2525 versuum
1267 2457 1315 2523 in-

56 2560 267 2629 dissolutorum
290 2565 490 2649 tragicorum
514 2565 715 2632 comicorum.
761 2566 859 2632 Ratio
884 2585 980 2647 quam
1003 2565 1115 2634 inveni
1141 2567 1224 2631 haec
1248 2568 1316 2630 est:

217 2671 370 2738 Trimetri
391 2672 504 2739 insunt
601 2673 788 2738 indissoluti
855 2672 974 2756 tragici
1042 2673 1155 2739 comici

195 2777 229 2842 in
252 2779 520 2845 Acharnensibus
660 2778 725 2845 272
886 2779 952 2845 244
1067 2777 1132 2846 265

196 2884 229 2949 in
254 2885 372 2968 Vespis
662 2885 726 2952 243
888 2885 953 2952 257
1069 2885 1132 2952 251

195 2991 229 3057 in
252 2993 348 3058 Pluto
661 2992 726 3058 348
887 2991 952 3058 310
1068 2992 1142 3059 341.

53 3112 191 3181 Videmus
214 3116 449 3198 trimetrorum,
486 3118 540 3198 qui
563 3118 735 3198 unicuique
759 3117 891 3182 fabulae
915 3117 1030 3183 inserti
1061 3120 1153 3196 sunt,
1185 3117 1316 3183 tertiam

53 3217 112 3285 fere
133 3226 256 3303 partem
280 3228 432 3289 constare
456 3244 497 3289 ex
520 3225 670 3291 versibus
694 3223 906 3304 indissolutiS,
930 3224 1061 3290 tertiam
1086 3223 1156 3289 iere
1180 3244 1220 3289 ex
1244 3245 1316 3291 ver-

52 3325 130 3394 sibus
151 3331 297 3414 tragicis,
320 3332 451 3397 tertiam
476 3332 545 3398 fere
570 3352 610 3398 ex
633 3331 784 3398 versibus
809 3331 948 3398 comicis.

145 3437 251 3518 Haec,
283 3441 378 3519 puto,
410 3437 577 3504 sufficiunt
602 3438 717 3520 quibus
741 3457 892 3504 excusem
916 3437 1118 3518 libertatem,
1151 3456 1216 3518 qua
1238 3456 1316 3504 usus

9 3504 12 3511 ι
52 3555 112 3604 sum
132 3541 165 3608 in
187 3543 293 3608 tribus
323 3543 388 3608 illis
417 3543 635 3609 trimetrorum
667 3543 842 3626 generibus
874 3543 1119 3630 constituendis.
1165 3544 1316 3609 Pluribus

52 3661 119 3710 uero
142 3667 293 3714 excusem
317 3667 453 3716 necesse
477 3653 544 3728 est,
579 3651 663 3730 quod
693 3650 781 3715 inter
804 3651 894 3733 leges
926 3669 1007 3730 quas
1039 3649 1101 3715 sibi
1125 3650 1317 3732 scripserint

50 3751 158 3835 tragici
191 3755 344 3821 subtilem
377 3755 466 3822 illam
501 3760 534 3820 et
568 3775 728 3837 nusquam
763 3757 805 3821 ab
839 3756 904 3821 illis
939 3755 1095 3821 violatam
1126 3774 1317 3822 enumerare

50 3855 134 3923 omisi
154 3861 260 3944 legem
283 3879 367 3942 quae
390 3861 577 3927 nominatur
599 3861 763 3927 Porsonis.
820 3918 823 3923 ,

147 3966 237 4050 Quae
259 3967 322 4047 lex,
346 3987 417 4033 cum
441 3967 640 4051 tragicorum
663 3967 733 4034 iere
756 3968 865 4034 nullus
889 3971 999 4034 exstet
1018 3986 1143 4048 vorsus,
1167 3968 1222 4049 qui
1245 3987 1316 4034 eam

50 4063 190 4155 frangat,
230 4075 271 4139 ab
306 4073 527 4156 Aristophane
565 4093 645 4140 sane
684 4075 875 4157 saepissime
914 4075 1065 4159 neglecta
1098 4077 1151 4140 est
1185 4094 1249 4140 non
1282 4075 1316 4141 in

50 4175 170 4245 comicis
193 4180 297 4245 solum
319 4180 470 4247 versibus
494 4181 552 4246 sed
575 4181 674 4247 etiam
697 4181 731 4246 in
753 4180 959 4249 indissolutis
990 4185 1024 4247 et
1049 4179 1202 4263 tragicis,
1233 4181 1317 4261 quod

150 4391 175 4455 1)
193 4391 310 4448 lineller
327 4394 345 4448 l.
364 4395 382 4448 l.
401 4409 447 4464 pg.
468 4396 550 4449 1881.
