2776 4906
621 366 840 432 ..58-

92 566 231 657 Versum
253 561 316 630 769
341 565 382 630 ab
407 562 609 630 auditoribus
639 562 794 628 memoria
816 560 922 628 teneri
945 559 1064 640 voluit,
1097 560 1173 625 dum
1196 575 1375 641 progressa

92 673 137 738 sit
159 672 263 738 oratio
287 671 455 752 usquead
478 689 609 736 versum
631 667 695 734 781
721 669 925 735 simillimum.
958 697 962 706 ¹

197 796 264 861 Res
288 796 402 862 eadem
426 797 478 861 est
499 795 534 861 in
556 793 654 861 Pacis
677 794 845 862 versibus:

247 922 347 1007 δοίην
370 915 413 983 δν
436 917 551 984 αύτοίν
574 917 722 1002 ἰσχάδων
744 921 830 1000 τρεῖς
853 922 1007 1001 χοίνικας.
1082 918 1158 984 Pac.
1183 912 1272 981 1217

252 1025 310 1090 οὐκ
333 1023 375 1090 ἂν
399 1031 560 1113 πριαίμην
584 1020 654 1091 οὐδ’
678 1021 720 1088 ἂν
743 1023 883 1108 ἰσχάδος
904 1024 992 1107 μιᾶς.
1082 1025 1158 1090 Pae.
1183 1020 1272 1088 1223

87 1386 89 1390 ”
196 1382 263 1450 'Sed
285 1384 368 1449 haee
390 1384 560 1449 hactenus.
607 1381 780 1448 Sufficiunt
804 1380 838 1446 ni
861 1379 959 1446 fallor
982 1379 1139 1461 exempla,
1163 1397 1248 1460 quae
1274 1376 1381 1462 multa

92 1491 197 1558 adhuc
219 1489 253 1556 in
277 1487 469 1556 comicorum
492 1489 649 1555 trimetris
674 1487 814 1554 artificia
828 1488 934 1554 latere
950 1486 1098 1552 doceant.
1137 1485 1241 1573 Simul
1265 1486 1380 1550 tamen

90 1597 137 1663 illi
161 1617 241 1679 quos
262 1597 357 1662 modo
382 1596 659 1664 consideravimus
682 1615 800 1663 versus
830 1597 1005 1677 propterea
1036 1612 1162 1674 quoque
1193 1590 1379 1658 solutiones

91 1705 208 1785 vitant,
238 1708 275 1769 ut
303 1700 487 1786 augeantur
510 1704 656 1786 pondera
678 1704 868 1771 verborum:
901 1702 1014 1767 eadem
1038 1701 1078 1766 de
1102 1719 1205 1766 causa
1228 1717 1297 1780 qua
1321 1697 1377 1762 tri-

90 1811 185 1878 metri
208 1810 249 1877 in
278 1810 440 1893 capitibus
463 1811 488 1891 Ι,
511 1811 545 1876 Π
568 1809 705 1876 tractati
736 1806 885 1877 exactius
917 1807 1029 1874 excusi
1060 1811 1146 1873 sunt.
1192 1806 1377 1889 Pergamus

90 1917 195 2002 igitur
213 1917 246 1984 in
271 1915 444 1984 afferendis
469 1917 624 2000 exemplis
649 1920 683 1983 et
705 1915 946 2000 investigandis
970 1914 1127 1981 artificiis.

190 2275 311 2351 Denuo
343 2288 384 2347 ex
414 2273 675 2352 Acharnensinm
705 2273 819 2340 fabula
849 2272 975 2338 initium
1007 2271 1184 2352 faciamus,
1216 2272 1251 2337 in
1284 2271 1376 2337 cuins

91 2383 224 2466 prologo
248 2381 455 2464 Dicaeopolis
486 2400 592 2464 pauca
622 2379 734 2462 affert,
765 2400 849 2462 quae
879 2380 999 2463 gaudio
1030 2379 1060 2445 ei
1091 2378 1231 2460 fuerint,
1264 2379 1376 2458 multa,

91 2508 175 2570 quae
206 2507 306 2572 aegre
336 2488 467 2568 tulerit,
501 2507 636 2570 quorum
666 2487 897 2570 gravissimum
926 2485 1092 2552 inducitur·
1122 2505 1221 2553 versu
1254 2483 1305 2550 17·
1330 2484 1376 2549 in-

90 2595 263 2662 dissoluto:
380 2666 384 2673 ,
509 2590 512 2597 ’

251 2700 323 2766 ἀλλ’
348 2700 557 2768 οὐδεπώποτ’
582 2700 618 2779 ἐξ
642 2694 722 2766 ὅτου
745 2700 797 2786 'yoi
822 2701 991 2787 ῥύπτομαι

91 2827 238 2910 Legatos
262 2829 434 2909 postquam
457 2845 564 2908 panca
587 2846 671 2908 quae
693 2826 727 2892 in
743 2826 861 2892 itinere
878 2824 1057 2892 acciderint
1073 2823 1232 2904 narravit,
1256 2842 1379 2892 novum

91 2936 191 3015 atque
214 2933 444 3017 gravissimum
466 2932 592 2999 referre
616 2932 723 3016 coepit
744 2952 844 3001 versu
867 2931 911 2998 91,
933 2931 1146 2998 indissoluto:

198 3075 200 3078 “
252 3056 309 3121 καὶ
330 3059 391 3121 νῦν
414 3052 548 3139 ἄγοντες
570 3049 691 3140 ἥκομεν
717 3056 962 3141 Ψευδαρτάβαν
986 3107 1041 3122 ...

91 3182 258 3266 Euripidis
283 3181 423 3248 famulus
449 3181 524 3264 quid
549 3182 697 3248 dominus
723 3186 802 3266 agat
825 3181 990 3264 explicare
1013 3180 1167 3263 incipit:¹

253 3299 275 3369 ὅ
294 3310 371 3381 νοῦς
393 3305 455 3389 μὲν
473 3302 541 3381 ’ἔξω
566 3305 728 3391 ξυλλέγων
752 3305 892 3372 ἐπύλλια
1086 3306 1166 3372 th.
1191 3303 1257 3370 398

197 3433 354 3514 Apparet,
385 3431 461 3512 quid
484 3431 723 3514 Aristophanes
747 3432 798 3500 his
820 3432 970 3500 versibus
993 3430 1197 3497 indissolntis
1222 3431 1377 3514 consequi

93 3537 244 3628 voluerit.
283 3536 360 3630 Cum
385 3541 494 3604 autern
517 3556 582 3604 non
598 3538 714 3627 omnia
730 3540 886 3623 exempla
910 3556 993 3620 quoe
1008 3536 1181 3621 proferam,
1204 3539 1269 3603 hoc
1284 3538 1376 3604 modo

90 3646 296 3725 pertractare
318 3643 449 3726 possim,
473 3662 590 3710 versus
614 3644 718 3711 solum
741 3645 932 3713 exscribam.

251 3768 309 3832 καὶ
330 3765 401 3850 pov
424 3766 514 3853 φέρω
537 3771 644 3849 χᾶνας
666 3767 771 3852 λαγὼς
794 3767 1040 3843 ἀλώπεκας...
1086 3769 1166 3834 Aah.
1190 3767 1258 3834 878

254 3872 312 3938 oria
336 3869 409 3937 ἀλλ’
432 3871 493 3956 ἐγώ
515 3872 572 3956 xci
587 3877 666 3950 παΐς
690 3873 841 3959 ἐρίζομεν
864 3875 973 3941 παλαι
991 3925 998 3942 .
1017 3925 1048 3942 ..
1086 3876 1167 3941 Aen.
1191 3873 1281 3940 1114

253 3977 326 4044 ἀλλ’
343 3977 377 4045 οἱ
388 3976 415 4063 y’
432 3977 506 4062 ἐμοὶ
529 3978 679 4063 λέγουσιν
703 3980 745 4056 ὥς
768 3978 869 4067 ύρξαι
885 4002 924 4048 σε
940 3983 1014 4048 δεῖ.
1032 4031 1039 4049 .
1057 4033 1063 4047 .
1087 3981 1169 4063 Equ.
1193 3979 1260 4047 965

253 4086 351 4168 ούμοὶ
376 4084 414 4152 δὲ
436 4083 463 4170 y’
488 4079 530 4150 αύ
552 4083 703 4169 λέγουσιν
727 4088 769 4163 ὡς
792 4088 973 4175 ἁλουργίδα
1087 4088 1169 4170 Equ.
1193 4085 1260 4154 967

252 4192 291 4256 ού
315 4192 414 4258 τοῦτό
441 4211 542 4278 φησιν
565 4190 653 4255 α’λλὰ
676 4198 757 4269 ναῦς
780 4193 940 4260 ἑκάστοτε
1087 4196 1170 4276 Equ.
1194 4192 1285 4260 1070

253 4297 383 4363 ἐκεινοιὶ
405 4297 468 4381 γὰρ
493 4298 534 4373 ὡς
557 4293 608 4380 ’ἔμ’
632 4295 790 4381 ἔρχονταί
808 4325 893 4376 τινες
1087 4303 1170 4383 Equ.
1195 4299 1283 4368 1196

252 4405 371 4492 φήσεις
392 4401 420 4488 y'
443 4402 584 4469 ἐπειδᾶν
606 4406 667 4480 τὰς
690 4406 980 4488 τριακοντούτιδας
1085 4409 1169 4489 Equ.
1194 4406 1283 4473 1388
