2776 4906
593 395 814 493 -m-

191 585 320 651 *πόθεν
344 590 437 673 βοῆς
461 587 590 676 ἥκουσα
613 592 873 679 πολεμιστηρίας
880 617 892 670 ;
1054 593 1114 659 571

215 695 274 758 ποῖ
291 691 354 776 χρὴ
383 701 548 784 βοηθεῖνς
575 703 641 762 ποῖ
657 697 817 780 κυδοιμόν
839 697 996 782 ἐμβαλεῖν
1003 724 1015 777 ,·

136 830 139 837 ·
215 806 261 875 τίς
281 801 413 884 γυργόν’
439 803 604 887 ἐξήγειρεν
627 803 662 876 ἐκ
685 808 746 866 τοῦ
771 804 939 886 σάγματος
946 829 959 882 3

59 923 131 992 Iam
155 947 246 1009 quem
268 925 410 1009 primum
442 929 539 994 attuli
569 949 685 996 versus
710 927 751 993 12
782 928 965 994 huiusmodi
995 933 1076 994 erat.
1122 929 1185 995 Hic
1216 949 1342 1012 quoque

60 1034 147 1112 quod
169 1035 266 1100 risum
295 1040 433 1102 moveat
464 1037 525 1101 hoc
555 1040 623 1117 est,
655 1040 691 1101 ut
713 1054 856 1117 persona
886 1055 970 1115 quae
993 1035 1074 1101 risui
1098 1037 1195 1101 datur
1217 1037 1341 1119 magni-

62 1137 223 1207 ficentiam
244 1142 420 1208 ¹verborum
443 1142 654 1223 habitumque
677 1161 837 1224 personae
861 1142 1010 1224 tragicae
1033 1142 1188 1208 imitetur.

170 1267 233 1332 Sed
254 1265 425 1334 videamus
449 1286 564 1334 versus
589 1270 782 1348 sequentes:

69 1384 248 1474 Dicaeopoi
262 1389 400 1472 Λάμαχ’
417 1382 500 1475 ἥρως
522 1394 588 1453 τῶν
611 1389 725 1474 λόφων
747 1391 802 1452 καὶ
826 1393 891 1453 τῶν
911 1388 1028 1470 λόχων.
1054 1389 1118 1455 574

76 1499 185 1564 chorus
225 1491 403 1580 ιόΛόμαχ’
420 1495 458 1559 οὐ
480 1494 542 1578 γόρ
567 1487 663 1569 οὗτος
687 1489 868 1579 ἅνθρωπος
891 1495 1000 1559 πόλαι

220 1597 361 1668 ἅπασαν
385 1601 477 1688 ἡμῶν
499 1601 561 1685 τὴν
585 1600 685 1666 πόλιν
708 1605 914 1686 κακορροθεῖ
915 1627 928 1680 ;

77 1710 157 1777 Lam.
223 1700 317 1781 οὗτος
340 1707 382 1772 σύ
405 1707 529 1792 τολμᾷς
553 1707 684 1790 πτωχὸς
708 1705 752 1771 ὢν
775 1707 879 1789 λέγειν
901 1709 1005 1787 coldo,-

81 1817 140 1884 Dic.
224 1809 249 1878 οῖ
263 1814 400 1897 Λάμαχ’
416 1808 500 1899 ἥρως
524 1814 610 1878 ἀλλὰ
635 1815 824 1901 συγγνώμην
847 1812 913 1897 ἐ’χε,

222 1920 251 1986 εἰ
272 1921 403 2004 πτωχός
427 1919 473 1986 ὤν
497 1915 594 1986 εἶπόν
616 1946 648 1986 τι
670 1921 945 2009 κάστωμυλάμην.

85 2049 121 2115 lli
144 2067 260 2130 quoque
291 2047 431 2114 trimetri
461 2047 581 2131 tragici
612 2048 728 2113 coloris
760 2051 845 2113 sunt.
892 2050 996 2114 Poeta
1022 2049 1206 2130 vaniloquis
1229 2049 1339 2117 verbis

87 2155 219 2222 Lamachi
240 2175 375 2238 parvam
401 2175 556 2221 scaenam
580 2154 714 2233 addidit,
739 2174 835 2235 quam
860 2155 981 2222 dixeris
1005 2156 1280 2241 hilarotragioam.
1297 2193 1340 2203 -

89 2301 92 2305 ·
171 2280 237 2345 Iam
260 2298 302 2345 ex
323 2279 451 2359 reliqua
473 2279 608 2344 fabulae
624 2282 718 2360 parte
735 2299 857 2361 paucos
873 2280 1037 2347 trimetros
1055 2281 1181 2364 eligam,
1207 2301 1340 2362 quorum

36 2377 38 2384 ’
89 2386 183 2468 primos
205 2387 445 2453 consideremus
469 2404 585 2452 versus
609 2384 673 2450 742
691 2405 733 2451 εε.

218 2491 260 2566 ὠς
282 2494 339 2557 ναῖ
361 2491 421 2556 τόν
439 2490 572 2576 Ἑρμᾶν,
597 2492 691 2576 εἴπερ
716 2491 807 2566 ἱξεῖτ’
832 2493 959 2567 οἴκαδις

217 2599 259 2664 τό
285 2604 403 2682 πρᾶτα
426 2603 648 2683 πειρασεῖσθε
672 2603 733 2673 τᾶς
756 2599 840 2681 λιμῶ
862 2604 977 2674 κακοῖς.

86 2705 133 2770 Per
144 2707 332 2774 Mercurium
349 2705 554 2790 Megarensis
570 2708 663 2771 homo
680 2706 767 2772 iurat
784 2707 911 2772 sonoris
927 2707 1088 2774 versibus.
1122 2709 1176 2774 Ita
1191 2708 1341 2790 Euripidi

85 2815 175 2879 sancte
197 2814 327 2880 adiurat
349 2812 574 2895 Dicaeopolis:
810 2817 813 2826 '

217 2921 312 2984 τουτὶ
333 2917 447 3003 λοβόν
470 2914 588 3000 όπειμι
610 2918 668 2983 κού
693 2918 847 3003 πρόσειμ’
870 2914 936 2983 ἐ’τι·
1051 2919 1125 2986 468.
1152 2959 1190 2968 -

167 3045 291 3112 Deinde
315 3045 556 3128 spectatoribus
580 3045 685 3127 magis
710 3063 804 3124 quam
827 3044 903 3110 filiis
920 3045 1125 3127 Megarensis
1145 3047 1238 3111 homo
1255 3065 1340 3126 quae

83 3147 133 3215 siut
152 3153 276 3236 agenda
298 3153 448 3220 versibus
472 3151 676 3217 indissolutis
700 3150 857 3233 explicat:

218 3256 289 3321 ἀλλ’
312 3257 514 3343 ἀμφίθεσθε
536 3259 592 3320 καὶ
614 3258 694 3321 ταδὶ
716 3257 759 3321 τό
785 3258 912 3341 ῥυγχία,
1050 3257 1114 3323 744

217 3360 372 3450 κῆπειτεν
395 3365 428 3438 ἐς
451 3363 511 3427 τόν
535 3363 660 3428 σάκκον
684 3355 740 3427 ὧδ’
765 3363 939 3447 ἐσβαίνετε
990 3430 993 3438 ,

219 3462 308 3544 όπως
332 3466 370 3534 δὲ
392 3471 591 3556 γρυλλιξεῖτε
614 3472 670 3534 καὶ
691 3471 818 3546 κοῖξετε

218 3575 350 3662 χήσεῖτε
373 3578 488 3661 φωνὰν
511 3583 643 3658 χοιρίων
664 3582 883 3663 μυστηρικῶν.

36 3696 38 3737 ε
80 3677 137 3746 Hoc
163 3703 286 3766 quoque
317 3684 488 3750 artificium
519 3685 612 3750 nobis
642 3685 707 3750 iam
739 3689 839 3750 antea
863 3687 1003 3752 occurrit
1033 3687 1067 3751 in
1091 3687 1337 3754 considerandis

36 3817 37 3822 ο
79 3788 342 3874 uorsibus130l3.
366 3828 409 3837 -

218 3895 260 3970 ὥς
284 3895 344 3971 όξύ
367 3895 452 3979 πρὸς
474 3895 534 3969 τός
558 3894 700 3978 ἰσχάδας
722 3895 908 3982 κεκράγατε.
1049 3898 1114 3964 804

216 4001 256 4087 νὴ
280 4003 340 4067 τόν
362 4002 418 4066 Δί’
442 4001 565 4066 ἀστείω
588 4027 622 4085 γε
645 4005 690 4066 τὼ
715 4003 919 4087 βοσκήματε.
1048 4005 1111 4071 811

78 4102 234 4176 Exclamat
263 4113 344 4178 haec
367 4111 589 4193 Dicaeopolis‚
622 4113 696 4177 dum
726 4111 873 4177 intuetur
904 4133 944 4178 ao
971 4114 1209 4196 contemplatur
1231 4113 1334 4179 falsos

77 4215 226 4291 porcellos.
283 4219 606 4301 Comprehenduntur
640 4224 748 4284 autern
784 4219 1038 4286 exclamationes
1077 4222 1192 4286 ambae
1227 4239 1334 4286 mono-

77 4317 176 4388 stichis
196 4323 408 4391 indissolutis.
432 4363 474 4370 —

218 4431 273 4493 καὶ
295 4431 361 4516 μὴν
385 4430 440 4495 tlt
463 4436 626 4514 Νίκαρχος
646 4428 779 4514 ἐ’ρχεται
803 4437 927 4516 φανῶν.
1048 4433 1112 4499 908
