2776 4906
608 336 828 406 ..50-

193 529 295 598 **καλ
316 533 383 616 μὴν
404 532 444 596 τό
467 534 638 620 μειράκιον
659 534 735 598 τοδὶ
758 534 982 620 προσέρχεται
1071 534 1158 601 Plut.
1183 530 1279 598 1038

241 633 345 724 οὗπερ
369 639 478 704 πάλαι
500 646 728 728 κατηγοροῦσα
750 641 909 724 τυγχάνω.

237 766 293 829 καὶ
315 769 375 830 νύν
398 761 531 849 ἄγοντες
555 758 676 850 ἥκομεν
702 767 958 853 Ψευδαρτάβαν.
1070 768 1152 833 Aen.
1176 763 1220 830 91

238 866 304 956 ἥκω
327 870 406 956 παρ’
421 870 508 955 ὑμᾶς
521 865 760 959 .....*(ἕτερον
772 865 816 938 αύ
824 873 919 936 τουτὶ
929 871 1055 958 κακόν.)
1071 874 1132 940 Av.
1158 870 1228 938 992

237 971 305 1065 ἥκω
327 977 407 1064 παρ’
422 976 508 1060 ὑμᾶς
532 980 630 1065 δεύρο
654 977 828 1063 πωλήσων.
851 1036 888 1042 -
902 978 941 1043 τό
965 985 1003 1043 τί
1005 1005 1018 1060 ,·
1070 982 1131 1048 Av.
1157 977 1251 1045 1038

237 1078 303 1170 ἥκω
327 1084 467 1170 φράσων
489 1084 579 1150 τοῦτ’
602 1085 743 1168 ἀγγελῶν
765 1083 803 1148 θ’
821 1084 910 1168 ύμῖν,
936 1083 991 1149 ἵνα
1071 1088 1202 1153 Thesm.
1229 1082 1299 1150 579

239 1187 305 1276 ἥκω
332 1195 519 1276 Θεαρίωνος
543 1191 753 1276 ἀρτοπώλιον
1071 1192 1243 1275 Aristoph.
1252 1190 1295 1257 fr.
1306 1189 1366 1256 155

237 1298 356 1381 λιπών,
381 1296 420 1362 ἵν’
445 1297 517 1364 ἐστὶ
538 1299 704 1383 κριβάνων
727 1297 858 1363 ἑδώλια.

239 1409 376 1490 γυναῖκα
399 1404 439 1490 δὴ
466 1409 638 1492 ζητοῦντες
661 1404 781 1470 ἐνθάδ’
803 1399 925 1491 ἥκομεν
1068 1407 1242 1490 Aristoph.
1251 1405 1294 1472 fr.
1304 1404 1362 1471 451

238 1513 274 1577 ἐκ
295 1517 361 1577 τῶν
384 1511 491 1598 ἄγριόν
512 1505 649 1597 ἥκουσιν
673 1511 913 1599 ἓβλαστηκότες
1069 1515 1187 1598 Eupol.
1209 1513 1253 1580 fr.
1279 1510 1345 1579 329

77 1641 173 1708 Hunc
197 1639 368 1724 Eupolidis
391 1657 523 1707 versum
546 1638 579 1704 in
602 1638 695 1704 initio
720 1658 860 1706 scaenae
883 1639 1024 1723 pesitum
1047 1638 1151 1706 fuisse
1174 1640 1268 1721 puis.

211 1748 312 1811 *νυνὶ
334 1746 397 1830 μὲν
419 1738 555 1829 ἥκουσιν
577 1745 792 1828 Μεγαρόθεν,
817 1743 883 1810 εἰσὶ
907 1746 945 1811 δὲ
1072 1746 1191 1813 strati.
1217 1744 1260 1812 fr.
1287 1743 1366 1824 26‚2

209 1851 431 1935 *Κορίνθιον
455 1850 543 1925 Λαῒς
565 1850 628 1934 μὲν
650 1848 708 1935 ἡδὶ
732 1851 956 1935 Μεγακλέους.

237 1956 361 2036 ’ἔξεισιν
384 1955 472 2022 όὶκων
495 1960 594 2041 δεῦρο
617 1957 773 2042 πέρδικος
795 1957 934 2042 τρόπον.
1070 1961 1225 2028 Pherecr.
1243 1960 1287 2027 fr.
1305 1958 1367 2026 159

241 2085 297 2150 ὁδὶ
320 2084 358 2149 δὲ
381 2083 510 2157 καύτός.
535 2081 607 2146 ἀλλ’
631 2079 741 2166 ἄνοιγε
762 2084 824 2167 τὴν
846 2085 967 2168 θύραν.
1070 2087 1149 2152 Ach.
1174 2084 1266 2151 1189

241 2190 296 2257 ddi
317 2190 380 2277 γὰρ
404 2190 488 2276 ἁνήρ
512 2189 615 2272 ἐστιν,
640 2182 675 2266 dg
696 2189 730 2272 μ’
754 2189 936 2256 ἀπώλεσεν.
1071 2194 1170 2275 Vesp.
1195 2190 1289 2258 1389

243 2298 300 2364 ddi
323 2297 361 2364 δὲ
385 2296 505 2372 καύτός
528 2297 628 2362 ἐστιν.
653 2296 740 2360 ἀλλὰ
763 2298 825 2384 χρὴ
849 2303 935 2373 θεᾶς
1071 2300 1132 2367 AV.
1157 2298 1248 2365 1718

240 2405 294 2470 ὁδὶ
317 2405 379 2490 γὰρ
403 2403 503 2478 αύτός
526 2403 634 2469 ἐστιν·
658 2405 694 2468 εἴ
709 2429 742 2470 τι
763 2406 924 2491 γρύξομαι
1070 2407 1184 2473 Alcaei
1209 2406 1251 2474 fr.
1278 2404 1324 2472 22

240 2511 314 2578 ἰδού
338 2511 487 2597 πάρειμι.
510 2515 582 2593 μῶν
605 2509 755 2593 ἐπισχεῖν
778 2531 832 2576 σοι
855 2515 941 2578 δοκῶ
949 2539 961 2591 ,·
1069 2515 1145 2580 Pac.
1170 2511 1263 2579 1042

239 2636 313 2703 ι’δού
336 2633 429 2713 κύλιξ
453 2656 507 2701 σοι
529 2637 585 2700 καὶ
607 2636 759 2720 τράπεζα
780 2639 837 2701 καὶ
861 2643 971 2722 φακοί.
1069 2638 1276 2705 Pherecr.fr.
1290 2637 1365 2719 67,3

216 2744 282 2809 *τό
304 2744 366 2828 μὲν
389 2742 541 2827 πόλισμα
563 2748 621 2828 τῆς
643 2743 942 2828 Νεφελοκοκκυγίας
1072 2746 1132 2812 Av.
1157 2743 1247 2811 1565

241 2849 326 2934 όρᾶν
346 2851 421 2915 τοδὶ
445 2848 610 2935 πάρεστιν
634 2841 671 2912 οἷ
688 2851 927 2935 πρεσβεύομεν.

214 2955 303 3041 *τὴν
325 2960 551 3039 Σμικυθίωνος
576 2954 605 3018 δ’
630 2954 689 3038 οὐχ
714 2955 793 3042 δρᾷς
816 2956 1023 3046 Μελιστίχην
1069 2959 1159 3024 Eccl.
1183 2956 1228 3023 46

240 3063 455 3127 σπεύδουσαν
471 3060 506 3124 ἒν
521 3065 593 3136 ταῖς
609 3059 768 3146 &aaaron
783 3068 843 3127 καί
854 3087 912 3146 μοι
928 3066 1069 3132 δοκεῖ...

239 3169 300 3256 τὴν
322 3173 383 3233 τοῦ
405 3168 558 3255 καπήλου
581 3167 610 3233 δ’
628 3167 687 3250 ούχ
712 3167 792 3252 ὁρᾶς
808 3170 1059 3259 Γευσιστράτην
1070 3172 1159 3238 Eccl.
1183 3170 1228 3236 52

240 3275 384 3359 ἐ’χουσαν
408 3275 443 3340 ἓν
466 3279 507 3362 τῇ
530 3278 625 3360 δεξιᾷ
649 3273 711 3360 τὴν
734 3274 918 3357 λαμπάδα,·

184 3421 225 3486 In
248 3419 399 3487 versibus
423 3437 504 3499 quos
527 3418 640 3484 ultimo
664 3420 734 3485 loco
757 3420 878 3502 protuli
900 3423 999 3502 poeta
1022 3419 1281 3502 descriptionem
1296 3440 1368 3505 per·

45 3608 49 3613 .
78 3545 249 3607 senarum,
281 3545 364 3607 quae
394 3525 429 3590 in
452 3543 606 3590 scaenam
636 3525 812 3607 prodeunt,
844 3526 964 3592 iniecto
987 3526 1042 3592 illc
1068 3525 1126 3608 οὐχ
1149 3526 1251 3613 ὁρᾷς,·
1285 3526 1368 3596 vivi·

78 3632 200 3698 dicrem
231 3630 375 3696 reddidit
398 3649 503 3711 neque
525 3649 604 3696 veru
628 3633 766 3697 metrum
790 3632 921 3700 delevit.
967 3631 1092 3715 Quibus
1115 3631 1279 3699 trimetris
1303 3633 1369 3699 iam

79 3740 120 3804 ad
144 3738 236 3804 aliud
260 3739 321 3802 hcc
344 3737 563 3819 exemplorum
586 3756 690 3820 genus
714 3738 928 3821 perducimur,
953 3738 1038 3819 quod
1061 3737 1217 3818 sequitur.

248 3842 303 3908 ὁδὶ
327 3842 365 3908 δὲ
388 3848 438 3918 τίς
460 3840 536 3907 ποτ’
553 3841 664 3922 ἓστίνς
688 3843 727 3909 οὐ
747 3844 860 3929 δήπου
874 3842 1050 3928 Στράτων,·
1073 3844 1153 3909 Aen.
1178 3840 1244 3909 122

239 3954 289 4024 τίς
312 3949 432 4014 ούτοσί
452 3945 528 4013 ποτ’
551 3944 664 4013 ἐ’σθ’ό
687 3954 843 4037 θρηνύνς
867 3947 906 4015 ού
929 3955 966 4015 τί
985 3972 1052 4013 που
1068 3950 1150 4015 Nub.
1176 3947 1267 4016 1269

239 4059 305 4119 τῶν
326 4058 490 4137 Καρκίνου
511 4077 560 4128 τις
583 4056 750 4138 δαιμόνων
775 4055 967 4140 ἐφθέγξατο
973 4081 986 4135 ,·

213 4158 288 4235 *τίς
310 4157 419 4241 ’ἑστιν,·
443 4159 482 4224 ού
506 4160 550 4245 δή
574 4185 641 4226 που
656 4161 833 4245 Βλέπορός
858 4162 1057 4244 arsamum,-
1072 4162 1161 4229 Eccl.
1185 4160 1252 4227 327

239 4266 278 4330 νύ
303 4266 364 4331 τόν
385 4263 441 4330 Δί’
465 4264 566 4341 αύτός
588 4265 660 4353 δῆτ’
684 4266 815 4342 ἐκεῖνος.
839 4265 913 4332 εἰπὲ
933 4291 993 4350 μοι

239 4376 276 4436 τί
294 4371 393 4437 τουτό
418 4390 473 4437 σοι
494 4370 533 4436 τό
558 4373 685 4459 πυρρόν
708 4372 819 4457 ἐστινγ
840 4427 877 4438 -
898 4400 925 4441 κ.
942 4397 970 4440 τ.
986 4372 1014 4442 λ.
