2776 4906
576 349 836 418 .-60-

92 565 185 611 usam
215 565 289 611 esse
316 544 463 611 omnibns
494 549 603 612 notum
627 548 688 613 ost.
733 547 800 612 Nos
831 546 960 628 quidem
989 547 1054 614 iam
1086 566 1187 630 supra
1213 549 1341 624 observa.

92 651 198 719 vimus
221 651 359 718 comicos
381 641 497 734 poetas
519 652 676 719 trimetris
706 653 910 720 indissolutis
941 655 1145 738 distinguere
1176 673 1245 720 cum
1273 677 1342 730 scae-

93 779 207 826 narum
240 759 294 826 vel
328 762 458 825 actuum
497 759 662 825 exordium
701 757 746 842 (v.
777 780 831 843 pg.
854 759 896 826 49
921 780 981 842 ss,
1016 759 1060 826 54
1084 758 1143 846 ss.)
1183 763 1240 827 aut
1270 764 1344 838 finem

92 865 139 952 (v.
167 886 222 950 pg.
245 864 287 932 53
311 861 370 949 ss.)
406 868 476 931 tum
510 866 746 932 sententiarum
780 886 863 948 quae
898 865 1110 950 proferuntur
1147 871 1207 934 aut
1242 868 1344 944 initium

93 973 138 1060 (v.
160 993 214 1057 pg.
237 972 280 1039 58
295 969 336 1057 s.)
360 976 418 1038 aut
440 973 535 1039 finem
562 972 607 1060 (v.
630 994 683 1057 pg.
707 970 774 1059 59).
818 975 913 1041 Nunc
936 979 1045 1042 autem
1070 975 1145 1042 dum
1168 978 1346 1058 procedimus

94 1081 136 1148 ad
159 1084 264 1148 artem
285 1079 460 1147 oratoriam
490 1081 622 1164 propius
646 1082 839 1148 accedamus
869 1083 1102 1165 videamusque
1133 1083 1211 1166 quid
1237 1085 1348 1157 valeant

93 1189 233 1256 trimetri
254 1187 440 1255 indissoluti
462 1187 495 1254 in
519 1189 629 1255 multis
651 1188 716 1255 illis
740 1189 943 1256 orationibus
966 1191 1020 1258 vel
1044 1190 1266 1279 oratiunculis
1286 1212 1348 1275 quas

95 1295 208 1364 comici
230 1299 347 1378 poetae
370 1294 492 1363 fabulis
515 1295 584 1362 suis
607 1295 726 1378 ubique
747 1297 966 1364 inseruerunt.

201 1421 380 1488 Praemitto
403 1422 552 1504 exempla
573 1421 706 1488 minoris
730 1422 871 1490 ambitus
890 1423 982 1490 velut
997 1422 1167 1490 Xanthiae
1190 1423 1350 1494 oratiuncu-

94 1531 169 1611 lam,
192 1549 277 1612 quae
298 1529 387 1596 inest
408 1528 443 1594 in
467 1530 563 1611 Vesp.
586 1528 736 1596 versibus
760 1527 946 1597 can-930.

255 1655 302 1741 μή
324 1676 383 1720 νυν
406 1651 507 1739 ἀφῆτ’
528 1647 574 1717 ’ἐτ’
597 1651 713 1734 αὐτόν,
737 1653 780 1729 ὥς
803 1650 870 1720 ὅντ’
893 1648 937 1722 αύ
959 1654 1047 1721 πολύ
1082 1657 1181 1740 Vesp.
1205 1655 1267 1723 922

229 1765 361 1830 *κυνῶν
384 1758 544 1825 ἁπάντων
567 1757 674 1842 ἄνδρα
695 1767 1001 1846 μονοφαγίστατον,

212 1863 350 1944 ”dcccc
372 1866 599 1953 nequitissimus
621 1867 682 1953 τὴν
704 1868 810 1932 θυίαν
832 1867 868 1932 ἐν
890 1868 994 1954 κύκλῳ
1019 1922 1075 1938 ...

332 1988 334 1992 ’
449 1979 631 2057 sequuntur
652 1995 706 2043 vv.
730 1995 808 2042 com.
832 1976 862 2057 3,
885 1980 970 2061 trag.
994 1977 1024 2044 2.

212 2083 266 2154 **.
282 2137 290 2154 .
307 2137 315 2153 .
331 2081 386 2148 ἵνα
407 2083 452 2169 μη
476 2080 637 2165 κεκλάγγω
660 2081 717 2146 διὰ
741 2086 834 2166 κενῆς
857 2080 962 2159 άλλως
985 2084 1061 2168 ἐγώ·
1087 2089 1185 2170 Vesp.
1209 2084 1270 2152 929

160 2256 164 2261 .
260 2190 320 2256 ἐὰν
343 2190 382 2257 δὲ
404 2192 462 2275 μή,
485 2191 524 2254 τὸ
548 2187 669 2254 λοιπὸν
693 2189 731 2254 ού
753 2189 980 2273 κεκλάγξομαι.

97 2325 169 2389 Duo
184 2321 289 2406 igitur
309 2319 345 2386 in
367 2320 429 2385 hac
452 2317 657 2384 oratiuncula
680 2336 796 2384 versus
819 2317 932 2383 insunt
954 2317 1150 2399 indissoluti,
1174 2319 1354 2403 quibusipsa

99 2432 277 2498 coercetur.
321 2427 418 2493 Alter
440 2426 524 2493 enim
546 2425 582 2490 in
604 2423 706 2504 initio,
731 2425 815 2491 alter
837 2425 870 2490 in
894 2426 968 2492 fine
981 2425 1108 2508 positus
1132 2428 1193 2493 est.

205 2557 273 2622 Res
296 2554 410 2621 eadem
433 2556 485 2619 est
507 2551 541 2617 in
563 2551 652 2617 Eccl.
674 2550 826 2617 versibus
849 2548 989 2617 co-oc.

261 2676 365 2763 ἔγωγε.
389 2676 522 2763 πρώτον
543 2673 607 2758 μέν
628 2672 655 2757 γ’
678 2670 742 2756 ’ἑχω
765 2675 825 2748 τὰς
846 2674 1025 2757 μασχάλας
1092 2677 1182 2744 ΕοοΙ.
1207 2674 1249 2742 60

235 2785 389 2873 *λόχμης
412 2783 598 2868 δασυτέρας
620 2782 779 2863 καθάπερ
802 2774 844 2866 ἦν
868 2786 1089 2865 ξυγκείμενον·

218 2891 374 2958 **ἓπειθ’
399 2889 504 2958 ὁπόθ’
528 2889 612 2974 άνηρ
636 2887 681 2964 εἰς
705 2887 828 2974 ἀγοράν
852 2888 977 2970 οἴχοιτό
999 2913 1065 2973 μου

218 2999 474 3087 ”diacoconem
497 2998 534 3061 τὸ
561 2994 642 3080 σῶμ’
668 2989 746 3061 ὅλον
770 2995 961 3083 δι’ζὴμὲρας

265 3108 465 3195 ἐχραινόμην
488 3104 620 3170 ἑστῶσα
643 3105 728 3187 πρὸς
751 3106 810 3168 τὸν
833 3098 936 3190 ἥλιον.
963 3142 1000 3152 -

209 3239 302 3305 Haec
333 3235 481 3317 exempla
514 3231 646 3298 minoris
680 3231 836 3312 ambitus;
870 3231 934 3297 iam
965 3232 1149 3315 'vesparum
1179 3253 1234 3300 eos
1263 3250 1360 3301 versus

104 3347 362 3424 consideremus,
397 3341 513 3425 quibus
543 3337 709 3405 Xanthias
740 3339 980 3420 spectatoribus
1012 3359 1065 3406 res
1098 3340 1219 3407 actioni
1248 3339 1365 3407 fauna

105 3455 338 3524 antecedentes
362 3447 504 3532 exponit.
1172 3473 1176 3480 ·

266 3558 385 3645 φράσω
407 3552 469 3640 γάρ
492 3551 557 3640 ἤδη
573 3551 634 3638 τὴν
650 3551 751 3616 νόσον
766 3555 826 3617 τού
842 3552 1021 3616 δεσπότου.
1035 3605 1041 3621 .
1056 3606 1062 3622 .
1076 3556 1194 3638 ,Ves1t
1217 3553 1260 3622 87

522 3663 703 3743 sequnntur
725 3680 777 3728 vv.
799 3659 913 3727 indiss.
936 3660 966 3727 2.

268 3770 380 3860 ...ἢν
401 3770 447 3858 μὴ
464 3769 514 3834 ’πὶ
537 3772 596 3834 τού
620 3767 753 3852 πρώτου
775 3770 957 3854 καθίζηται
981 3765 1091 3842 ξύλον.
1219 3768 1261 3834 90

267 3876 374 3949 ύπνου
397 3878 427 3943 δ’
451 3878 514 3965 ὁρᾷ
537 3880 596 3962 τῆς
618 3873 733 3949 νυκτὸς
757 3873 835 3939 οὐδὲ
859 3871 1055 3961 πασπάλην.
1219 3875 1258 3942 91

353 3988 534 4070 sequuntur
556 4004 609 4052 vv.
632 3983 744 4050 indiss.
768 3982 798 4065 2,
821 3987 907 4066 trag.
930 3982 961 4064 2,
985 4002 1063 4050 corn.
1088 3984 1138 4051 15.

269 4093 423 4178 ...ἔχων
445 4093 590 4178 τρόπους
614 4095 1071 4175 φρυαγμοσεμνακονστίνους.
1199 4090 1260 4157 111

268 4201 393 4270 τοιαῦτ’
416 4198 527 4266 ἀλύει·
551 4197 813 4280 νουθετούμενος
837 4194 867 4259 δ’
890 4197 943 4258 αεὶ
1198 4197 1261 4264 112

366 4311 547 4392 sequuntur
568 4326 622 4374 vv.
645 4305 758 4371 indies.
782 4303 811 4385 4,
834 4306 920 4387 trag.
944 4305 974 4386 5,
998 4325 1075 4372 com.
1099 4307 1129 4372 8.

271 4418 289 4485 ὃ
313 4419 342 4484 δ’
365 4416 510 4501 ὡσπερεὶ
531 4410 662 4487 κολοιὸς
684 4408 773 4495 αύτῷ
796 4409 987 4486 παττάλους
1201 4410 1265 4477 130
