2776 4906
555 366 776 434 ...69-

30 568 200 633 Praeterea
232 567 275 635 ci.
298 568 377 650 Lys.
400 565 475 647 205,
506 563 580 644 2116,
612 562 686 644 919,
718 561 933 644 1136,1157,
958 561 1061 645 1158;
1091 563 1219 630 Thesm.
1242 562 1304 647 203

30 676 98 740 Rau.
122 673 202 755 276,
228 672 332 756 1130;
354 675 440 739 Plut.
464 672 539 739 885.

122 781 210 848 Vide
233 783 269 848 in
288 781 436 847 omnibus
453 798 533 861 quos
550 778 648 844 attuli
663 777 821 844 trimetris
836 777 959 842 nullam
974 777 1083 844 inesse
1100 777 1304 843 solutionem.

123 1098 261 1164 Initium
297 1099 396 1163 ducat
429 1117 515 1165 nova
547 1098 629 1163 haec
660 1095 910 1177 quaestiuncula
940 1097 982 1161 ab
1013 1095 1167 1178 Equitum
1201 1097 1304 1165 versi-

30 1223 73 1269 ›us
99 1203 170 1270 475
188 1225 232 1272 ss.

30 1312 201 1395 ?aphlago.
224 1310 311 1393 *ἐγω
334 1309 396 1392 μὲν
420 1303 478 1375 οὖν
503 1308 623 1374 αὐτίκα
644 1307 723 1392 μάλ’
747 1308 779 1382 ἐς
801 1309 926 1393 βουλήν
950 1306 1007 1371 ι’ῶν
1090 1311 1172 1391 Equ.
1193 1309 1258 1376 475

138 1414 278 1500 **ι“ιμῶν
301 1415 461 1480 ἁπάντων
483 1415 543 1490 τὰς
566 1421 772 1499 ξυνωμοσίας
795 1413 869 1498 ἐρῶ,

134 1521 238 1588 **κα1
260 1523 321 1597 τάς
345 1523 505 1598 ξυνόδους
527 1521 588 1593 τοὶς
610 1524 798 1608 νυκτερινὰς
822 1521 880 1586 ἐπὶ
902 1526 944 1608 τῇ
966 1519 1076 1605 πόλει,

133 1632 173 1672 *¹¹¹
182 1631 238 1693 καὶ
261 1628 362 1694 πάντ’
386 1627 408 1691 ἃ
432 1630 566 1716 Μήδοις
588 1629 644 1692 καὶ
666 1628 804 1712 βασιλεῖ
823 1629 1020 1712 ξυνῶμνυτε,

181 1738 237 1800 καὶ
261 1735 322 1801 τάκ
345 1741 504 1801 Βοιωτῶν
526 1740 634 1800 ταῦτα
657 1737 913 1821 συντυρούμενα.
1048 1764 1050 1769 ·
1192 1737 1256 1805 479

30 1845 220 1912 lotularius.
244 1847 315 1918 πῶς
338 1837 397 1909 οὖν
421 1843 438 1906 ὃ
462 1845 560 1927 τυρὸς
583 1843 619 1908 ἐν
641 1846 802 1917 Βοιωτοῖς
826 1840 938 1922 ῶνιος,·
1192 1845 1257 1912 489

124 1951 423 2035 Neglegontissime
454 1951 623 2034 compositi
653 1955 731 2018 aunt
760 1952 916 2034 trimetri,
951 1971 1032 2034 quos
1063 1954 1233 2036 Paphlago
1268 1954 1302 2019 in

31 2058 217 2124 otularium
248 2058 439 2141 equitesque
469 2059 564 2141 iacit3
596 2060 759 2125 concludit
790 2078 868 2126 vero
899 2059 1079 2126 orationem
1109 2079 1208 2127 versu
1237 2058 1301 2126 479

30 2164 223 2247 ndissoluto,
248 2166 282 2231 in
306 2185 367 2247 quo
384 2167 425 2232 de
440 2166 573 2232 Boeotis
597 2185 651 2233 ras
668 2170 727 2232 est.
766 2166 900 2250 Excipit
922 2168 983 2233 hoc
1005 2167 1187 2234 botularius
1204 2171 1303 2250 atque

30 2290 83 2352 pse
112 2291 240 2354 quoque
264 2274 305 2338 de
328 2273 461 2339 Boeotis
485 2275 588 2340 verba
612 2273 694 2340 facit
716 2293 815 2341 versu
838 2273 903 2340 480
926 2274 1129 2342 indissoluto.

125 2379 167 2444 In
190 2380 464 2462 comparationem
487 2381 565 2447 licet
587 2400 706 2449 vocare
731 2381 880 2464 exempla
902 2383 1000 2448 haec:

183 2483 222 2550 οὔ
244 2510 296 2552 τοι
317 2485 365 2570 μά
388 2486 450 2572 τήν
469 2486 616 2574 Δήμητρ’
639 2484 684 2551 ἐτ’
708 2485 746 2551 εἰ
765 2487 817 2572 μή
843 2486 874 2551 σ’
899 2485 1067 2572 ἐκφάγω
1090 2488 1257 2572 1111111198

156 2591 218 2656 *ἐκ
240 2595 344 2677 τῆσδε
366 2597 424 2678 τῆς
446 2597 514 2677 γῆς,
540 2593 704 2659 οὐδέποτε
727 2594 903 2678 βιώσομαι.

137 2697 221 2763 -εἰ
240 2699 291 2785 μή
318 2699 510 2785 ’κφάγηςς
534 2699 595 2784 ἐγω
620 2701 657 2765 δὲ
680 2700 707 2784 γ’
724 2698 754 2764 εἰ
773 2701 819 2785 μή
838 2699 869 2765 σ’
886 2699 1000 2783 ἐκπίω,

155 2840 442 2929 *ἀπεριμερίμνως
464 2844 525 2927 τήν
548 2845 662 2927 θύραν
684 2843 881 2919 λελάκτισας
1085 2848 1168 2914 Nub.
1193 2847 1256 2913 136

180 2949 235 3012 καὶ
259 2949 408 3034 φροντίδ’
432 2949 712 3035 ἐξήμβλωκας
736 2949 967 3038 ἐξηυρημένην.

139 3053 255 3118 -ἀλλ’
278 3053 353 3119 εἰπέ
375 3079 432 3138 μοι
455 3056 494 3120 τὸ
519 3061 657 3142 πρᾶγμα
679 3056 1078 3145 τούξημβλωμένον.
1193 3061 1256 3129 139

182 3197 239 3262 οὐκ
262 3197 333 3262 ἀλλ’
356 3191 461 3274 ὕπνος
482 3199 515 3282 μ’
540 3197 607 3281 ἐχει
629 3223 677 3274 τις
701 3199 735 3263 ἐκ
757 3204 787 3263 Σ
793 3201 904 3284 αβαζ
914 3205 929 3264 ί
935 3224 989 3270 ου.
1086 3205 1185 3287 Vesp.
1209 3203 1229 3270 9

118 3303 241 3368 -*το“ν
264 3304 367 3370 αὐτὸν
390 3301 442 3391 ἄρ’
468 3307 541 3389 ἐμοὶ
564 3305 731 3389 βουκολεῖς
753 3306 981 3389 Σαβάζιον.

136 3439 248 3511 **εἷθ’
270 3447 290 3531 ή
314 3447 420 3532 μιαρά
444 3448 580 3532 φάλαιν’
605 3445 728 3531 ἐχουσα
751 3449 916 3536 τρυτάνην
1088 3455 1186 3536 Vesp.
1210 3453 1252 3519 39

181 3550 277 3640 ἵστη
300 3554 451 3637 βόειον
474 3555 624 3641 δημόν.
647 3614 683 3620 ..
707 3555 795 3639 οἴμοι
819 3555 976 3638 δείλαιος,

182 3659 241 3724 τδν
265 3662 402 3746 δῆμον
424 3661 539 3746 ήμῶν
560 3662 718 3746 βούλεται
742 3664 981 3729 διιστάναι.

136 3804 229 3868 *W
253 3803 418 3888 ἀντιβολῶ
442 3803 485 3886 τ’,
511 3803 649 3893 ἐλέησον
672 3791 782 3870 αὐτῶν
804 3807 866 3893 τήν
891 3803 975 3889 ὅπα,
1091 3812 1167 3878 Pac.
1191 3810 1257 3878 499

180 3910 316 3976 ἐπείτε
338 3912 395 3974 καὶ
417 3917 536 3994 τιμῶσι
558 3911 723 3994 μᾶλλον
745 3909 765 4000 ή
792 3913 873 3998 πρὸ
897 3920 980 3980 τοῦ.

134 4016 319 4083 ,κλέπται
341 4016 384 4081 τά
408 4021 466 4083 νῦν
488 4018 550 4102 γάρ
575 4016 639 4083 εἶσι
661 4019 827 4101 μᾶλλον
849 4018 869 4107 ή
895 4024 976 4106 πρὸ
1002 4029 1086 4093 τοῦ.
1136 4091 1137 4094 ,

151 4156 347 4243 *βούλεσθε
369 4159 408 4224 τὸ
431 4161 517 4244 μέγα
540 4165 640 4224 τοῦτο
663 4162 742 4226 τούκ
764 4168 1019 4249 Λακεδαίμονος
1085 4171 1148 4238 AV.
1171 4170 1236 4236 813

151 4266 378 4354 *Σπάρτην
403 4264 537 4351 ὄνομα
559 4267 754 4352 καλῶμεν
778 4269 1148 4356 αὐτῇς-Ἡράκλεις·

178 4374 377 4461 σπάρτην
398 4374 460 4458 γάρ
485 4372 529 4439 ἂν
552 4380 715 4464 θείμην
738 4376 797 4460 ἐγώ
822 4377 910 4464 τήμῇ
934 4378 1041 4448 πόλει.

69 4468 286 4482 Ἢ
