2776 4906
580 379 799 446 ..15-

517 647 646 759 Pars
683 649 861 786 primu.

185 819 232 884 De
252 815 419 887 trimetris
443 822 646 889 indissolutis
669 824 703 888 11
726 843 819 889 usum
843 825 999 907 parodiae
1023 824 1188 893 adhibitis.

320 1045 440 1139 Caput
462 1049 631 1140 primum:
656 1049 705 1123 lle
730 1052 880 1141 perodio
903 1051 1052 1143 tragico.

155 1283 192 1348 In
214 1281 309 1348 huius
333 1283 440 1365 partis
457 1284 564 1366 capite
580 1284 681 1366 primo
703 1285 742 1351 de
757 1285 822 1350 illis
838 1285 996 1352 trimetris
1011 1285 1158 1352 iambicis
1183 1305 1327 1370 agamus,

61 1407 134 1469 quos
166 1388 378 1455 indissolutos
416 1390 655 1472 Aristophanes
695 1391 927 1472 conformavit,
966 1396 1003 1457 ut
1040 1392 1159 1476 tragici
1196 1392 1327 1476 generis

64 1493 178 1562 dicendi
205 1495 388 1562 imitatione
418 1496 519 1562 risum
549 1500 688 1564 moveat.
734 1498 894 1580 Exempla
924 1497 1136 1565 inveniuntur
1157 1499 1328 1581 permulta,

67 1602 165 1668 sedin
188 1602 326 1686 singulis
349 1603 532 1669 tractandis
556 1622 643 1670 nova
667 1604 770 1669 oritur
793 1604 951 1685 quaestio,
980 1624 1063 1685 quae
1086 1605 1187 1687 primo
1212 1606 1327 1670 obtutu

69 1730 123 1779 non
141 1709 218 1777 levis
241 1709 396 1774 momenti
419 1728 492 1775 esse
516 1709 655 1789 videtur,
679 1729 834 1790 quosnam
858 1709 985 1775 illorum
1009 1730 1162 1777 versuum
1186 1730 1227 1777 ex
1247 1710 1327 1793 ipsis

72 1817 226 1902 tragoediis
257 1819 356 1899 poeta
378 1816 549 1897 petiverit,
581 1836 668 1896 cum,
700 1817 727 1882 si
752 1817 879 1883 omnino
908 1837 970 1883 non
996 1822 1074 1883 sunt
1096 1817 1328 1900 Aristophanis

74 1925 119 1993 sed
136 1923 249 2008 tragici
272 1923 418 2004 alicuius,
442 1942 506 1989 non
530 1923 574 1988 sit
597 1923 753 1990 mirabilis
777 1922 882 1990 forma
905 1924 1160 2008 elegantissima.

157 2050 224 2115 Iam
248 2067 348 2130 supra
371 2048 468 2114 attuli
491 2048 751 2114 Acharnensium
774 2068 905 2116 versum
929 2048 970 2114 12

20 2233 23 2240 Ι
208 2158 279 2228 πῶς
301 2153 389 2218 τοῦτ’
410 2151 520 2218 ’ὲσεισὲ
544 2178 608 2237 μου
632 2157 738 2229 δοκεῖς
760 2155 822 2242 τήν
844 2158 1006 2241 καρδίαν;

20 2317 24 2347 p
76 2262 225 2330 Antecedit
247 2281 364 2329 versus

22 2442 24 2452 Ι
187 2365 228 2432 *ὃ
252 2367 281 2433 d’
305 2367 376 2454 (sel.
402 2367 419 2432 ὃ
443 2367 559 2454 κῆρυξ)
585 2368 721 2434 ἀνεῖπεν
744 2368 865 2453 ,,εἴσαγ’
889 2364 915 2433 a}
943 2368 1059 2453 Θέογνι
1082 2367 1143 2434 τὸν
1165 2369 1295 2452 χορόνί.

22 2520 26 2561 p
72 2477 162 2543 Nonne
184 2477 284 2542 multo
309 2476 415 2560 magis
437 2476 575 2542 ridenda
598 2496 651 2542 res
674 2477 740 2558 fiet,
772 2477 800 2543 si
823 2477 925 2559 ipsius
949 2477 1148 2560 Theognidis
1171 2496 1327 2559 ponemus

20 2606 27 2667 ξ,
73 2602 127 2649 osse
147 2602 274 2650 versum
300 2581 366 2648 12?
413 2583 518 2664 Certe,
546 2584 604 2649 sed
626 2586 740 2650 tacent
763 2584 896 2650 scholia.
942 2585 1057 2666 Itaque
1082 2585 1122 2651 de
1144 2586 1206 2650 hoc
1228 2603 1327 2651 versu

22 2735 27 2764 1
71 2688 132 2756 nihil
153 2689 361 2756 statuendum
386 2694 445 2756 est.

20 2857 26 2881 ι,
156 2796 334 2880 Fingamus
357 2816 436 2863 vero
461 2797 672 2862 scholiastam
703 2797 842 2877 aliquem
875 2797 1087 2865 adnotavisse
1118 2817 1159 2864 ex
1189 2799 1252 2864 huo
1273 2798 1328 2865 vel

20 2928 25 2988 2}
69 2901 115 2968 illa
133 2903 328 2986 Theognidis
351 2903 465 2968 fabula
488 2905 574 2969 hunc
598 2923 728 2971 versum
756 2903 893 2985 petitum
917 2923 1007 2985 esse,
1037 2904 1103 2970 iam
1131 2923 1226 2986 porro
1250 2904 1328 2970 mihi

20 3053 24 3095 ᾗ
69 3012 141 3075 esset
168 3009 404 3090 quaerendum,
435 3029 506 3075 oum
537 3010 731 3076 scholiorum
761 3010 796 3075 in
826 3009 948 3076 talibus
978 3010 1201 3077 discernendis
1231 3011 1327 3077 fidem

20 3172 24 3183 o
67 3112 206 3182 incertam
229 3135 303 3182 esse
319 3116 381 3183 viri
398 3117 449 3182 dd.
466 3117 654 3183 docuissent
663 3114 699 3202 1),
723 3120 830 3182 utrum
852 3117 933 3183 fides
957 3117 1157 3184 scholiastae
1176 3104 1328 3184 habenda

20 3248 22 3307 5
68 3225 142 3288 meet
161 3242 273 3290 necue.

20 3408 21 3414 ἵ
156 3330 324 3396 Mittamus
359 3330 460 3413 igitur
489 3333 593 3396 totam
624 3332 709 3397 hanc
743 3331 982 3412 quaestionem,
1018 3351 1113 3412 quam
1148 3350 1186 3397 eo
1220 3330 1327 3414 magis

68 3433 178 3502 mittere
200 3437 279 3503 mihi
301 3437 409 3517 liceat,
438 3457 509 3503 cum
532 3439 593 3503 hoc
616 3439 686 3503 loco
710 3458 815 3504 meum
839 3458 903 3504 non
927 3438 970 3504 sit
994 3438 1218 3504 demonstrare
1240 3439 1327 3504 unde

66 3538 286 3625 Aristophanes
309 3544 521 3610 indissolutos
544 3545 618 3610 illos
643 3544 807 3612 trimetros
831 3545 995 3628 petiverit,
1024 3546 1082 3611 sed
1105 3565 1167 3626 quo
1192 3545 1326 3612 consilio

67 3646 242 3717 adhibuerit.

673 3810 703 3877 2.

155 3917 348 3999 Lamachus
372 3919 412 3984 de
436 3937 497 3998 quo
522 3918 585 3983 iam
611 3937 710 4000 supra
734 3918 787 4002 egi
812 3917 866 4002 (cf.
887 3938 940 4001 pg.
957 3915 1023 4000 12),
1054 3937 1120 3983 non
1143 3919 1245 3984 solum
1270 3918 1324 3983 ad-

63 4035 165 4088 uersus
188 4025 408 4108 Dicaeopolim
436 4025 596 4108 tragicam
620 4043 790 4106 personam
817 4025 902 4108 agit,
933 4025 1114 4090 sedetiam
1143 4025 1325 4090 111161111-

20 4142 22 4177 ÷
61 4128 196 4196 censium
219 4132 330 4198 exodo.
365 4133 565 4198 Vulneratus
589 4132 623 4196 in
646 4151 799 4197 scaenam
824 4131 1325 4214 apportaturmiserabiliterque

62 4266 261 4283 κ

156 4341 184 4410 1)
200 4345 244 4402 W.
264 4346 383 4413 Pass0w‚
403 4346 436 4399 de
455 4344 640 4413 Aristophane
660 4344 848 4414 defendendo,
873 4361 936 4413 pars
955 4346 1002 4415 Π.,
1030 4347 1063 4401 do
1081 4345 1135 4400 flde
1155 4344 1323 4400 scholiorum.

58 4421 227 4502 Hirschhorgi
246 4436 323 4489 1898.
