2776 4906
664 371 881 437 -34-

138 572 266 638 omnino
291 590 355 637 non
379 572 504 637 solutos
528 568 736 651 inspeximus
761 566 902 646 quinon
926 564 1064 631 fortuito
1089 561 1147 628 sed
1170 563 1258 628 certo
1274 562 1378 643 quode

139 679 272 744 consilio
295 677 452 743 trimetris
475 676 558 741 artis
581 673 713 740 minoris
736 673 988 751 inseruerant,
1018 673 1119 750 atquc
1142 668 1227 735 falso
1250 668 1378 739 iudicas

139 807 219 866 eum,
242 787 297 867 qui
312 784 474 866 Rumpclii
496 784 586 849 nisus
611 781 851 864 comparatione
875 779 920 865 (v.
937 801 990 864 pg.
1003 778 1038 864 7)
1055 777 1285 860 Aristophanis
1310 782 1378 847 arte

98 905 101 909 ’
139 893 304 958 metricam
339 890 591 974 vituperaverit,
624 890 688 955 iam
723 908 809 954 nunc
843 887 991 970 intellegi
1026 889 1145 969 potest.
1199 886 1346 968 Quonam

139 1000 334 1065 abdiderunt
361 998 537 1064 solutiones
569 1002 603 1063 et
626 996 799 1079 anapaesti
822 995 953 1078 cyclici,
985 1013 1118 1075 quornm
1141 992 1196 1059 ille
1219 993 1254 1058 in
1276 991 1376 1074 singu

139 1107 208 1172 fere
232 1106 381 1174 versibus
405 1106 550 1188 singulos
574 1104 657 1170 dixit
679 1103 812 1170 inesse?

244 1213 349 1278 Velim
380 1211 526 1292 quaestio
549 1211 703 1277 instituta
732 1230 770 1277 eo
802 1229 860 1276 uos
892 1211 1008 1289 ducat,
1042 1212 1078 1274 nt
1109 1209 1206 1291 paulo
1229 1207 1378 1280 rectiusr

138 1320 255 1386 iustius
288 1320 327 1384 de
359 1319 550 1384 comicorum
586 1321 656 1384 artc
691 1319 826 1384 metrica
857 1318 1045 1384 iudicemus.
1098 1315 1304 1401 Tragoedias
1335 1335 1378 1386 sar

139 1427 340 1493 sollemnitas
365 1429 399 1491 et
415 1428 639 1509 argumentum
655 1427 832 1507 postulant,
856 1429 892 1490 ut
907 1424 1056 1508 grauiter
1071 1423 1263 1506 placideque
1279 1428 1378 1492 metrn

138 1534 309 1599 iambicum
346 1533 494 1614 incedat,
533 1533 698 1599 rarissime
737 1533 897 1616 agitatum
937 1531 1161 1598 solutionibus.
1218 1530 1304 1615 Quid
1336 1552 1378 1599 ve:

139 1639 304 1721 Euripidis
344 1639 481 1722 Cyclops
519 1640 637 1706 docet?
697 1641 767 1705 Iam
804 1639 918 1705 audias
953 1639 992 1705 G.
1016 1639 1256 1718 Hermannum,
1294 1639 1347 1718 qui

138 1746 240 1828 praef.
270 1747 311 1812 ad
334 1747 411 1811 Eur.
436 1746 522 1829 Cycl.
546 1765 599 1830 pg.
622 1748 703 1813 XIV
732 1749 817 1812 hanc
846 1747 953 1831 legem
984 1748 1192 1813 observatam
1224 1765 1297 1812 csse
1328 1746 1378 1812 dic

142 1859 197 1936 „ut
227 1852 426 1936 tragicorum
458 1873 669 1935 personarum
700 1854 805 1920 oratio
837 1853 916 1919 nihil
945 1855 986 1919 ab
1015 1853 1194 1920 severitate
1217 1853 1378 1936 tragicoru

139 1980 342 2027 numerorum
365 1961 527 2040 discedat,
558 1980 641 2041 quae
666 1964 775 2026 autem
798 1960 904 2044 satyri
927 1960 1112 2042 similesque
1136 1963 1321 2043 satyrorum
1343 1982 1378 2043 ps

140 2087 240 2133 sonae
263 2068 449 2147 loquuntur,
472 2069 506 2132 in
529 2068 569 2132 iis
594 2071 627 2132 et
642 2069 760 2151 longae
865 2067 969 2148 quinti
992 2067 1084 2150 pedis
1109 2068 1257 2151 syllabae
1282 2072 1315 2133 et
1338 2088 1378 2134 an

140 2177 254 2256 paesto
290 2175 380 2240 locus
416 2175 642 2240 concedatur.“
698 2174 808 2257 Quid?
846 2175 1021 2240 licentiane
1053 2174 1133 2255 luit,
1165 2194 1261 2256 quam
1291 2174 1324 2240 in
1353 2177 1377 2242 h

140 2281 253 2346 fabula
303 2282 523 2362 componenda
569 2281 759 2363 Euripides,
812 2283 1050 2365 Aristophanes
1103 2282 1138 2347 in
1188 2287 1378 2364 component

140 2387 313 2453 comoediis
337 2387 399 2453 sibi
422 2387 652 2454 indulserunt?
698 2390 798 2454 Immo
821 2389 1011 2471 postulabat
1041 2389 1149 2472 poesis
1173 2390 1297 2456 comica
1319 2390 1378 2458 ista

139 2494 343 2574 varietatem,
372 2514 468 2574 quam
491 2494 598 2577 rigida
620 2497 792 2578 tragoedia
815 2496 1016 2578 repudiavit3
1044 2515 1179 2562 necesse
1203 2501 1255 2563 cst
1279 2497 1378 2566 comio

139 2601 233 2665 modo
272 2600 320 2665 uti
357 2601 507 2667 versibus
543 2602 798 2668 accuratissimis
836 2603 930 2667 modo
969 2603 1154 2684 discinctiS,
1191 2607 1229 2670 ut
1263 2605 1377 2673 evenia

140 2707 224 2775 varii
259 2707 374 2772 coloris
408 2707 485 2772 illae
521 2708 769 2790 compositiones
800 2709 961 2776 iucundae
996 2713 1094 2790 atquc
1128 2710 1276 2792 vivaceS,
1314 2732 1378 2796 nequ

140 2814 342 2896 Rumpellum
365 2813 470 2896 ipsum
494 2813 699 2881 desiderasse
727 2819 804 2898 puto
829 2817 1011 2883 comoedias
1034 2817 1216 2899 Sophoclea
1248 2822 1320 2885 arte
1342 2839 1378 2886 co:

141 2921 291 3003 scriptas.

246 3028 426 3109 Pergamus
449 3027 551 3110 igitur
573 3028 606 3093 in
629 3030 805 3095 tractanda
836 3029 1028 3097 comicorum
1056 3034 1128 3097 arte
1151 3032 1303 3111 metrica,
1333 3051 1378 3113 qur

141 3152 213 3198 mea
236 3132 364 3213 quidem
387 3133 537 3215 opinione
560 3155 625 3201 non
648 3136 753 3202 minus
778 3136 907 3202 subtilis
937 3140 990 3203 est
1013 3157 1109 3218 quam
1131 3137 1190 3204 illa
1211 3138 1378 3222 tragicorm

141 3241 239 3304 Immo
272 3259 335 3320 qua
366 3239 537 3324 diligentia
568 3242 663 3307 metri
685 3242 882 3310 varietatem
910 3245 1137 3324 excoluerunt,
1168 3245 1256 3311 inter
1278 3245 1378 3313 virtut

141 3347 342 3412 numeranda
365 3351 417 3412 est
439 3345 646 3432 poctarum.1)
749 3379 752 3383 ·

248 3560 276 3625 1)
296 3561 435 3616 Camillis
454 3577 522 3628 quae
540 3563 714 3617 Hermannus
733 3563 750 3617 l.
770 3564 788 3617 l.
808 3563 952 3620 adnotavit
976 3581 1072 3621 versus
1097 3581 1236 3635 compares
1255 3566 1364 3634 Scythas

141 3649 247 3706 Thesm.
267 3649 354 3703 exodo
374 3649 502 3706 tributos.
535 3650 586 3718 Qui
605 3666 665 3704 cum
683 3656 739 3704 tam
757 3652 829 3706 malo
847 3653 973 3719 loquatur
986 3653 1089 3722 Attice,
1107 3660 1194 3711 metro
1213 3670 1318 3723 quoquc
1329 3658 1362 3709 ut

141 3735 294 3806 lenissimo,
322 3737 407 3791 utin
432 3739 510 3794 nonis
537 3739 662 3794 versibus
690 3740 775 3795 denas
803 3741 951 3797 solutiones
980 3742 1140 3799 committat.
1183 3743 1245 3798 Hoc
1272 3741 1359 3798 artillc

142 3823 251 3880 aliunde
271 3825 337 3879 mihi
356 3829 451 3880 notum
470 3842 525 3882 non
544 3831 594 3883 est.
