2776 4906
167 1235 265 1373 Quid
288 1279 425 1348 intersit
454 1282 543 1348 inter
575 1285 694 1362 artem,
726 1301 790 1363 qua
819 1282 991 1348 iambicum
1022 1281 1204 1348 trimetrum
1233 1286 1344 1349 acata-

61 1388 208 1455 lecticum
232 1389 477 1471 composuerint
499 1389 594 1472 lyrici
617 1393 744 1472 poetae,
768 1392 802 1454 et
824 1389 999 1470 licentiam,
1031 1409 1127 1469 quam
1151 1389 1214 1455 sibi
1237 1409 1343 1472 sump-

62 1497 166 1561 serint
189 1495 310 1577 comici,
334 1516 431 1577 quam
454 1497 621 1563 licentiam
644 1497 818 1562 maximam
842 1496 933 1562 dicas
950 1495 978 1563 si
995 1496 1219 1562 admirabilem
1234 1516 1343 1580 respe-

62 1603 149 1670 xeris
165 1604 352 1688 regularum
375 1603 615 1670 multitudinem
638 1605 886 1692 observatamm
909 1603 944 1668 in
959 1603 1116 1670 trimetris
1136 1604 1344 1687 tragicorum,

63 1730 102 1775 ex
117 1711 273 1778 Porsonis
292 1710 493 1793 temporibus
517 1730 620 1792 usque
644 1711 685 1776 ad
701 1715 848 1777 nostram
871 1713 1016 1776 aetatem
1038 1711 1102 1778 1111
1118 1711 1169 1777 11.
1187 1731 1344 1792 quaerere

64 1837 101 1884 ac
126 1818 351 1884 demonstrare
374 1837 438 1883 non
463 1821 540 1884 sunt
563 1817 705 1902 gravati,
730 1821 829 1899 atque
852 1818 939 1884 inter
963 1817 1044 1884 alios
1069 1818 1108 1883 de
1128 1818 1343 1906 usitatissimo

62 1924 116 1989 1110
154 1925 241 2008 apud
275 1924 421 1991 Graecos
456 1943 609 1992 versuum
644 1945 764 2009 genere
800 1925 919 2008 optime
953 1925 1061 1991 meriti
1096 1930 1173 1992 sunt
1208 1927 1343 1992 Carolus

61 2031 251 2098 Eridericus
267 2032 445 2098 Muellerus
457 2028 483 2116 1)
507 2051 567 2098 100
590 2051 656 2098 101
671 2033 835 2098 Iohannes
851 2029 1080 2115 Rumpelius.2)
1117 2033 1344 2100 Intentissima

61 2138 148 2203 euim
180 2158 259 2204 cura
288 2138 322 2204 hi
352 2137 415 2206 viri
446 2138 497 2204 dd.
521 2138 720 2223 tragicorum
744 2140 926 2219 trimetros,
956 2139 1147 2222 Rumpelius
1170 2140 1344 2224 lyricorum

61 2250 94 2310 et
134 2245 367 2328 Aristophanis
407 2264 532 2326 quoque
578 2265 693 2313 versus
737 2246 1064 2330 pervestigayerunt,
1111 2246 1344 2328 quaesiverunt

58 2353 195 2436 regulas
219 2353 472 2436 exceptionesve
499 2353 668 2435 metricas,
697 2358 951 2420 numeraverunt
981 2354 1165 2420 tribrachos
1194 2355 1343 2438 dactylos

60 2464 272 2542 anapaestos,
302 2460 499 2529 invenerunt
529 2460 690 2526 rationem
713 2462 814 2527 hanc:
846 2460 997 2544 singulae
1024 2461 1137 2527 insunt
1164 2461 1343 2528 solutiones

58 2565 138 2651 (quo
163 2567 293 2634 nomine
316 2567 502 2634 tribrachos
533 2569 746 2651 dactylosque
775 2568 1051 2651 comprehendunt
1078 2567 1112 2633 hi
1135 2567 1198 2635 1111
1217 2566 1285 2651 11.)
1309 2567 1343 2634 11

58 2673 238 2757 lyricorum
260 2674 410 2741 versibus
428 2671 568 2753 17-18,
591 2675 625 2740 11
649 2674 817 2758 Sophoclis
840 2695 894 2742 11.
912 2673 962 2755 16,
985 2674 1019 2740 11
1043 2674 1199 2758 Aeschyli
1222 2683 1274 2741 11.
1292 2672 1343 2756 13,

59 2779 94 2845 11
117 2780 286 2864 Euripidis
310 2800 363 2848 vv.
387 2779 484 2862 4-5,
507 2781 539 2848 11
564 2781 795 2864 Aristophanis
819 2802 871 2849 11.
896 2781 993 2847 2-3.

170 2887 309 2954 Accedit
331 2907 427 2970 1010,
459 2889 544 2970 quod
575 2888 695 2954 attinet
724 2889 765 2954 ad
788 2888 1059 2971 Aristophanem,
1092 2893 1344 2971 anapaestorum

61 3015 144 3077 quos
177 2995 317 3078 cyclicos
348 2996 514 3061 nominare
546 2995 669 3079 placuit
700 2995 779 3062 viris
812 2996 863 3062 dd.
894 2997 989 3080 larga
1019 2995 1209 3077 multitudo,
1244 3000 1280 3061 ut
1310 2995 1344 3062 in

61 3102 284 3185 Aristophane
308 3103 390 3168 haec
412 3101 521 3184 potius
544 3103 629 3168 ratio
661 3102 704 3168 sit
727 3101 947 3168 instituenda:
976 3102 1089 3167 Insunt
1118 3102 1152 3168 in
1176 3101 1263 3166 8188
1287 3101 1344 3168 111-

61 3208 176 3275 metris
199 3207 357 3290 iambicis,
381 3207 436 3290 qui
452 3212 585 3274 exstant
608 3209 642 3274 in
666 3208 788 3275 fabulis
804 3208 1055 3291 Aristophaneis
1079 3208 1173 3275 nobis
1193 3209 1346 3289 servatis,

62 3318 98 3379 ut
122 3319 199 3381 utar
222 3315 374 3397 numeris,
398 3335 479 3397 qnos
503 3316 598 3381 011011
618 3316 807 3399 Rumpelius
830 3317 896 3396 1.1.,
919 3315 1078 3382 tribrachi
1101 3313 1197 3395 2625,
1221 3316 1346 3400 dactyli

63 3418 166 3503 1465,
200 3423 373 3505 anapaesti
407 3419 494 3487 3779
529 3439 679 3503 numero,
715 3422 894 3488 solutiones
929 3421 1031 3504 igitur
1061 3422 1158 3487 metri
1189 3419 1275 3486 7869
1310 3422 1344 3488 11

61 3527 213 3595 versibus
236 3523 334 3607 8188,
357 3528 507 3612 singulae
530 3527 737 3594 1110131110
763 3525 836 3608 not
859 3527 939 3594 fere.

163 3632 296 3700 Paucos
321 3637 453 3702 exstare
477 3652 593 3700 versus
617 3633 893 3716 Aristophaneos,
924 3633 979 3715 qui
1001 3633 1125 3698 nullum
1155 3633 1347 3700 contineant

62 3739 178 3821 pedem
201 3740 351 3821 solutum,
382 3759 424 3808 ex
447 3741 509 3806 hac
531 3739 660 3806 ratione
683 3739 766 3806 satis
790 3757 952 3823 superque
976 3742 1123 3822 apparet.
1168 3740 1284 3805 Nonne
1307 3758 1346 3804 eo

170 3949 200 4018 1)
218 3951 246 4006 0.
265 3951 297 4008 F.
316 3951 447 4022 Mueller,
475 3953 509 4007 de
537 3952 651 4021 pedibus
679 3952 779 4008 solutis
806 3953 835 4008 in
865 3953 1036 4022 dialogorum
1065 3952 1180 4007 senariis
1205 3951 1344 4020 Aeschyli,

60 4038 211 4108 Sophoclis,
229 4040 368 4110 Euripidis
387 4041 476 4096 Berol.
498 4043 575 4096 1866.

168 4127 199 4192 8)
216 4128 357 4184 Jchannes
375 4129 502 4198 Rumpel,
519 4130 571 4184 Die
592 4129 778 4200 auiltsungen
796 4132 835 4186 im
852 4132 979 4186 trimeter
996 4132 1043 4185 des
1060 4130 1218 4198 Euripides.
1246 4129 1344 4186 Philol.

59 4221 126 4274 tom.
144 4216 221 4274 nv.
238 4233 284 4287 pg.
303 4221 355 4272 407
365 4235 416 4286 00
442 4218 495 4273 DIa
514 4219 735 4286 aulldsungen
727 4218 1345 4287 1111111101οτ100100011110111801110·

59 4304 348 4364 0100.Ρ111101.1011.
371 4306 455 4363 XXV.
483 4323 530 4378 pg.
557 4309 592 4362 54
605 4322 655 4374 03,
686 4308 745 4364 Der
775 4311 902 4366 trimeter
932 4310 979 4364 100
1007 4309 1214 4377 Aristophanes
1244 4307 1344 4364 Philol

58 4396 127 4450 tom.
146 4391 278 4451 XXVIII.
297 4411 344 4464 pg.
364 4397 461 4454 18903
860 4436 862 4440 .
