2776 4906
578 368 799 436 -65..

72 583 183 638 numero
205 562 392 628 indissoluti
415 565 600 647 decurrunt,
624 565 740 648 quibus
764 566 883 649 optime
907 571 1005 662 poeta
1027 568 1191 650 expressit
1206 567 1328 635 severi-

73 681 156 743 tatem
178 669 330 736 minantis
355 675 454 754 atque
477 674 566 738 lente
590 673 722 758 singula
743 676 847 740 verba
869 675 1126 757 pronuntiantis
1144 685 1147 689 ’

210 768 231 858 ἦ
254 775 320 861 μὴν
344 777 385 841 σὺ
408 779 533 843 τούτων
555 783 601 862 τῷ
623 779 730 863 χρόνῳ
754 781 871 855 δώσεις
894 783 997 868 δίκην.
1038 782 1121 849 Nub.
1146 779 1232 847 1242

210 880 229 966 ἢ
253 883 329 968 σφώ
353 885 485 969 ποιήσω
506 885 650 970 τήμερον
673 887 790 951 δοῦναι
813 888 908 974 δίκην
1039 888 1125 954 Plut.
1140 886 1213 953 *433

582 993 659 1067 ἴσως
681 993 743 1077 γάρ
766 998 822 1057 τοί
842 1016 949 1059 ποτε·
1040 992 1212 1061 16616632

211 1096 292 1178 ἐμοῦ
316 1101 472 1187 δεηθείης
496 1095 549 1179 dv,
573 1097 604 1162 εἰ
624 1099 708 1173 θεὸς
731 1099 840 1165 θόλοι.

71 1229 229 1294 Praeterea
252 1223 395 1290 eiusdem
419 1225 551 1308 generis
574 1245 690 1293 versus
715 1229 849 1293 exstant
871 1227 921 1293 hi:

209 1323 230 1412 ἦ
253 1330 319 1415 μὴν
343 1330 384 1396 σύ
407 1333 536 1406 τούτοις
558 1337 604 1416 τῷ
626 1333 734 1418 χρόνῳ
757 1332 833 1398 ποτ’
857 1332 1008 1415 ἀχθέσει.
1039 1333 1123 1401 Nub.
1146 1333 1211 1399 865

210 1442 330 1503 τοῦτον
354 1438 392 1503 δέ
415 1438 442 1522 γ’
467 1431 532 1522 οἶμ’
555 1439 614 1523 ἐγώ
640 1443 818 1522 χεσεῖσθαι
840 1441 994 1526 τήμερον.
1040 1442 1138 1523 Vesp.
1163 1440 1225 1506 941

211 1545 316 1609 πάλιν
337 1545 377 1611 τό
402 1547 536 1611 ἀποισῶ
559 1546 697 1612 ναῖτόν
713 1548 837 1632 Ἑρμᾶν
860 1547 994 1622 οἴκαδις.
1043 1549 1122 1614 Αο6.
1147 1546 1211 1613 779

674 1763 703 1831 7.

157 1871 360 1954 Megarensis
395 1873 488 1936 homo
519 1872 554 1937 in
584 1872 850 1939 Acharnensibus
886 1872 1104 1956 negotiatoris·
1135 1873 1169 1938 in
1202 1872 1330 1937 modum

66 1979 200 2060 porculos
224 1979 391 2044 collaudat
414 1998 454 2044 ac
477 1979 640 2046 venditat:
869 1972 870 1979 '

637 2085 725 2150 ἀλλὰ
747 2087 818 2169 μὰν
840 2085 948 2150 καλαί.
1019 2076 1123 2152 noh.
1147 2085 1211 2152 765

211 2187 361 2255 ἄντεινον
384 2191 422 2256 αι’
441 2192 500 2279 λῇ·
525 2192 567 2267 ὡς
589 2195 715 2274 παχεῖα
737 2193 794 2256 καῖ
816 2192 912 2261 καλοὶ.

158 2318 305 2384 Eundem
334 2318 367 2383 in
398 2320 525 2385 modum
549 2320 703 2386 Socrates
733 2319 972 2387 institutionem
996 2338 1096 2408 suam
1127 2319 1331 2384 commendat

64 2424 189 2491 Nubium
212 2425 362 2494 versibus
406 2435 409 2445 ‘

210 2537 344 2617 πρῶτον
366 2534 428 2615 μὲν
451 2524 536 2596 εἶναι
557 2530 692 2618 κομψόν
716 2532 752 2598 ἐν
776 2538 964 2623 σονονσίοιΝ
1044 2515 1126 2600 Nuln
1147 2531 1214 2625 ⁸649

211 2638 369 2704 ἐπαΐονθ’
394 2637 513 2714 ὁποῖός
536 2638 608 2704 ἐστι
630 2643 696 2704 τᾶν
720 2640 859 2723 ῥυθμῶν
880 2665 909 2704 κ.
925 2639 1004 2731 τό.
1078 2667 1099 2674 ·’
1168 2670 1171 2675 ⁴

157 2768 335 2833 Praeterea
364 2767 399 2832 in
429 2767 703 2850 comparationem
737 2787 853 2836 vocare
880 2767 958 2835 licet
980 2767 1164 2856 Vesparum
1190 2784 1330 2845 versum,

56 2890 115 2950 quo
130 2875 304 2958 Bdelycleo
329 2874 425 2957 patri,
449 2893 532 2956 quae
556 2874 641 2940 domi
664 2876 750 2941 bona
773 2875 850 2956 sint,
873 2874 1018 2941 ostendit
1034 2877 1133 2955 atque
1150 2873 1331 2964 collaudat:

213 2981 292 3068 ὁρᾷς
317 2975 398 3046 ὅσον
420 2981 476 3044 καὶ
498 2985 599 3046 τοῦτο
623 2983 710 3062 δῆτα
731 2985 907 3066 κερδανεῖς.
1043 2983 1142 3064 Vesp.
1166 2969 1243 3047 796.
1303 3066 1306 3069 .

157 3108 280 3173 Horum
305 3127 430 3190 qnoque
454 3126 607 3174 versuum
631 3106 736 3173 forma
765 3107 944 3174 recitantes
977 3107 1129 3188 adiuvat;
1160 3105 1331 3190 graviores

53 3227 114 3278 nec
136 3234 197 3279 non
223 3215 392 3283 suaviores
415 3215 449 3279 hi
472 3215 613 3300 trimetri
635 3214 821 3281 indissoluti
845 3214 977 3280 auribus
1001 3213 1233 3297 percipiuntur.

675 3427 705 3494 8.

126 3501 129 3508 ¹
158 3533 416 3600 Acharnensium
440 3533 587 3616 fabulam
611 3553 710 3616 supra
733 3520 827 3600 nobis
849 3498 1128 3616 perlustrantibus
1159 3532 1205 3617 (v.
1229 3532 1331 3635 praef.

53 3630 73 3715 ἕ
97 3635 131 3722 2)
154 3639 240 3706 inter
264 3640 345 3706 alios
369 3659 486 3708 versus
509 3641 734 3707 memorabiles
759 3635 996 3724 apparuerunt:
1095 3714 1097 3718 ¹
1285 3739 1287 3743 v
1323 3652 1329 3744 2

209 3788 302 3829 τοντι
325 3761 483 3849 λαβών”
461 3789 593 3848 απειμι
590 3763 660 3830 κού
683 3762 840 3850 πρόσειμ’
862 3761 927 3842 ’ἑτι
974 3844 977 3850 ἡ
1021 3765 1124 3848 Ach.
1148 3761 1213 3849 468

210 3871 252 3945 ὥς
274 3872 331 3937 ναῖ
353 3869 422 3937 τόν
431 3871 565 3956 Ἑρμᾶν,
589 3871 683 3972 εἴπερ
707 3868 800 3948 ἱξεῖτ’
825 3844 984 3975 οἴκαδις,
1043 3871 1123 3983 Aeli
1130 3846 1212 3958 742

209 3977 253 4042 τοὶ
276 3982 391 4063 πρᾶτα
414 3981 636 4077 πειρασεῖσθε
658 3981 718 4051 τᾶς
742 3977 825 4060 λιμῶ
848 3982 962 4060 κακῶς.
1004 4009 1063 4062 '.‚
1108 4002 1114 4012 ’

51 4089 114 4161 His
143 4101 291 4168 versibus
323 4105 357 4168 et
380 4102 644 4185 Dicaeopoliset
667 4102 873 4185 Megarensis
895 4104 1016 4169 homo
1032 4104 1147 4188 sancte
1114 4100 1333 4166 tadiurant

52 4215 90 4266 se
113 4206 170 4273 hoc
200 4209 253 4274 vel
284 4207 365 4274 illud
396 4208 466 4274 fact
452 4213 543 4275 turos
575 4228 649 4274 esse
679 4208 791 4290 itaque
822 4212 1000 4275 vocemto
966 4209 1081 4274 tollere
1112 4207 1217 4273 coacti
1246 4210 1331 4286 sunt

52 4306 186 4380 Adiuvit
219 4333 298 4381 vero
332 4319 431 4397 poeta
465 4316 645 4382 recitantes
682 4316 804 4382 eodem.
835 4316 929 4403 modo
963 4317 1029 4396 ¹quo
1068 4315 1102 4402 in
1132 4314 1331 4396 ,antepositis

53 4419 207 4501 exemplis
230 4439 303 4499 eum
318 4440 393 4486 ‚rem
418 4423 537 4505 egisse.
550 4422 948 4506 vidimus.1„2Quaesamus
962 4421 1113 4507 similia}
1146 4473 1149 4486 ‚
1166 4476 1169 4482 .

1151 4547 1168 4598 8
