<?xml version="1.0" encoding="UTF-8"?>
<!DOCTYPE html PUBLIC "-//W3C//DTD XHTML 1.0 Transitional//EN"
    "http://www.w3.org/TR/xhtml1/DTD/xhtml1-transitional.dtd">
<html xmlns="http://www.w3.org/1999/xhtml" xml:lang="en" lang="en">
 <head>
  <title>
</title>
<meta http-equiv="Content-Type" content="text/html;charset=utf-8" />
  <meta name='ocr-system' content='tesseract 3.04.00' />
  <meta name='ocr-capabilities' content='ocr_page ocr_carea ocr_par ocr_line ocrx_word'/>
</head>
<body>
  <div class='ocr_page' id='page_1' title='image "./dearistophanist00klaugoog_0092.png"; bbox 0 0 2776 4906; ppageno 0'>
   <div class='ocr_carea' id='block_1_1' title="bbox 613 342 835 417">
    <p class='ocr_par' dir='ltr' id='par_1_1' title="bbox 613 342 835 417">
     <span class='ocr_line' id='line_1_1' title="bbox 613 342 835 417; baseline -0.009 -17"><span class='ocrx_word' id='word_1_1' title='bbox 613 342 835 417; x_wconf 76' lang='grc'><em>..78-</em></span> 
     </span>
    </p>
   </div>
   <div class='ocr_carea' id='block_1_2' title="bbox 243 540 1247 633">
    <p class='ocr_par' dir='ltr' id='par_1_2' title="bbox 243 540 1247 633">
     <span class='ocr_line' id='line_1_2' title="bbox 243 540 1247 633; baseline -0.006 -21"><span class='ocrx_word' id='word_1_2' title='bbox 243 544 428 631; x_wconf 58' lang='grc' dir='ltr'><em>ώΛύμαβ</em></span> <span class='ocrx_word' id='word_1_3' title='bbox 451 540 535 633; x_wconf 84' lang='grc' dir='ltr'><em>ήρως</em></span> <span class='ocrx_word' id='word_1_4' title='bbox 557 546 645 610; x_wconf 76' lang='grc' dir='ltr'><em>ἀλλὰ</em></span> <span class='ocrx_word' id='word_1_5' title='bbox 669 546 857 632; x_wconf 78' lang='grc' dir='ltr'><em>συγγνώμην</em></span> <span class='ocrx_word' id='word_1_6' title='bbox 880 542 946 627; x_wconf 67' lang='grc' dir='ltr'><em>ἔχε,</em></span> <span class='ocrx_word' id='word_1_7' title='bbox 1073 545 1155 611; x_wconf 82' lang='lat' dir='ltr'><strong>Aeh.</strong></span> <span class='ocrx_word' id='word_1_8' title='bbox 1180 542 1247 608; x_wconf 77' lang='lat'><em>578</em></span> 
     </span>
    </p>
   </div>
   <div class='ocr_carea' id='block_1_3' title="bbox 125 646 968 743">
    <p class='ocr_par' dir='ltr' id='par_1_3' title="bbox 125 646 968 743">
     <span class='ocr_line' id='line_1_3' title="bbox 125 646 968 743; baseline -0.001 -24"><span class='ocrx_word' id='word_1_9' title='bbox 125 738 127 743; x_wconf 70' lang='lat'><em>.</em></span> <span class='ocrx_word' id='word_1_10' title='bbox 243 655 273 719; x_wconf 83' lang='grc' dir='ltr'><em>εἰ</em></span> <span class='ocrx_word' id='word_1_11' title='bbox 295 655 426 737; x_wconf 86' lang='grc' dir='ltr'><em>πτωχὸς</em></span> <span class='ocrx_word' id='word_1_12' title='bbox 450 651 496 720; x_wconf 81' lang='grc' dir='ltr'><em>ών</em></span> <span class='ocrx_word' id='word_1_13' title='bbox 518 646 616 718; x_wconf 81' lang='grc' dir='ltr'><em>εἶπόν</em></span> <span class='ocrx_word' id='word_1_14' title='bbox 639 677 672 718; x_wconf 93' lang='grc' dir='ltr'><em>τι</em></span> <span class='ocrx_word' id='word_1_15' title='bbox 693 652 968 738; x_wconf 78' lang='grc' dir='ltr'><em>κάστωμυλάμην.</em></span> 
     </span>
    </p>
   </div>
   <div class='ocr_carea' id='block_1_4' title="bbox 218 775 1267 2074">
    <p class='ocr_par' dir='ltr' id='par_1_4' title="bbox 241 775 1267 1200">
     <span class='ocr_line' id='line_1_4' title="bbox 243 775 1248 865; baseline -0.006 -19"><span class='ocrx_word' id='word_1_16' title='bbox 243 783 412 864; x_wconf 66' lang='grc' dir='ltr'><em>σύγγνωθί</em></span> <span class='ocrx_word' id='word_1_17' title='bbox 430 796 502 862; x_wconf 88' lang='grc' dir='ltr'><em>μοι·</em></span> <span class='ocrx_word' id='word_1_18' title='bbox 527 777 628 865; x_wconf 91' lang='grc' dir='ltr'><em>τηλοῦ</em></span> <span class='ocrx_word' id='word_1_19' title='bbox 651 778 712 864; x_wconf 81' lang='grc' dir='ltr'><em>γὰρ</em></span> <span class='ocrx_word' id='word_1_20' title='bbox 737 775 813 840; x_wconf 82' lang='grc' dir='ltr'><em>σι’κώ</em></span> <span class='ocrx_word' id='word_1_21' title='bbox 836 783 902 841; x_wconf 88' lang='grc' dir='ltr'><em>τών</em></span> <span class='ocrx_word' id='word_1_22' title='bbox 925 775 1040 862; x_wconf 79' lang='grc' dir='ltr'><em>ἄγρών.</em></span> <span class='ocrx_word' id='word_1_23' title='bbox 1072 778 1155 845; x_wconf 84' lang='lat' dir='ltr'>Nub.</span> <span class='ocrx_word' id='word_1_24' title='bbox 1182 775 1248 842; x_wconf 81' lang='lat'><em>138</em></span> 
     </span>
     <span class='ocr_line' id='line_1_5' title="bbox 241 879 1244 971; baseline -0.003 -21"><span class='ocrx_word' id='word_1_25' title='bbox 241 886 434 971; x_wconf 71' lang='grc' dir='ltr'><em>ἡμάρτομεν</em></span> <span class='ocrx_word' id='word_1_26' title='bbox 456 884 548 950; x_wconf 81' lang='grc' dir='ltr'><em>ταῦτ’</em></span> <span class='ocrx_word' id='word_1_27' title='bbox 572 883 658 950; x_wconf 76' lang='grc' dir='ltr'><em>ἄλλα</em></span> <span class='ocrx_word' id='word_1_28' title='bbox 684 885 872 970; x_wconf 86' lang='grc' dir='ltr'><em>συγγνώμην</em></span> <span class='ocrx_word' id='word_1_29' title='bbox 895 879 967 966; x_wconf 61' lang='grc' dir='ltr'><em>ἔχε.</em></span> <span class='ocrx_word' id='word_1_30' title='bbox 1074 886 1153 951; x_wconf 76' lang='lat' dir='ltr'><strong>Pae.</strong></span> <span class='ocrx_word' id='word_1_31' title='bbox 1177 883 1244 950; x_wconf 82' lang='grc'><em>668</em></span> 
     </span>
     <span class='ocr_line' id='line_1_6' title="bbox 244 980 1053 1078; baseline 0.001 -22"><span class='ocrx_word' id='word_1_32' title='bbox 244 993 262 1056; x_wconf 88' lang='grc' dir='ltr'><strong>ὁ</strong></span> <span class='ocrx_word' id='word_1_33' title='bbox 286 996 362 1066; x_wconf 93' lang='grc' dir='ltr'><em>νοῦς</em></span> <span class='ocrx_word' id='word_1_34' title='bbox 384 992 446 1078; x_wconf 77' lang='grc' dir='ltr'><em>γὰρ</em></span> <span class='ocrx_word' id='word_1_35' title='bbox 468 991 560 1077; x_wconf 83' lang='grc' dir='ltr'><em>ήμών</em></span> <span class='ocrx_word' id='word_1_36' title='bbox 582 980 626 1076; x_wconf 81' lang='grc' dir='ltr'><em>ήν</em></span> <span class='ocrx_word' id='word_1_37' title='bbox 648 989 716 1055; x_wconf 84' lang='grc' dir='ltr'><em>τοτ’</em></span> <span class='ocrx_word' id='word_1_38' title='bbox 740 989 775 1055; x_wconf 73' lang='grc' dir='ltr'><em>ἓν</em></span> <span class='ocrx_word' id='word_1_39' title='bbox 798 992 866 1064; x_wconf 83' lang='grc' dir='ltr'><em>τοῖς</em></span> <span class='ocrx_word' id='word_1_40' title='bbox 890 990 1053 1058; x_wconf 77' lang='grc' dir='ltr'><em>σκύτεσιν.</em></span> 
     </span>
     <span class='ocr_line' id='line_1_7' title="bbox 510 1103 1267 1200; baseline 0.005 -21"><span class='ocrx_word' id='word_1_41' title='bbox 510 1115 681 1200; x_wconf 79' lang='grc' dir='ltr'><em>ολκτείρατ’</em></span> <span class='ocrx_word' id='word_1_42' title='bbox 707 1114 809 1180; x_wconf 82' lang='grc' dir='ltr'><em>αὐτὸν</em></span> <span class='ocrx_word' id='word_1_43' title='bbox 832 1103 857 1178; x_wconf 87' lang='grc' dir='ltr'><em>ώ</em></span> <span class='ocrx_word' id='word_1_44' title='bbox 881 1115 1000 1200; x_wconf 84' lang='grc' dir='ltr'><em>πάτερ,</em></span> <span class='ocrx_word' id='word_1_45' title='bbox 1077 1119 1174 1199; x_wconf 83' lang='lat' dir='ltr'>Vesp.</span> <span class='ocrx_word' id='word_1_46' title='bbox 1199 1115 1267 1181; x_wconf 80' lang='grc'><em>975</em></span> 
     </span>
    </p>

    <p class='ocr_par' dir='ltr' id='par_1_5' title="bbox 218 1220 1266 1862">
     <span class='ocr_line' id='line_1_8' title="bbox 243 1220 945 1310; baseline -0.004 -22"><span class='ocrx_word' id='word_1_47' title='bbox 243 1226 299 1288; x_wconf 82' lang='grc' dir='ltr'><em>καὶ</em></span> <span class='ocrx_word' id='word_1_48' title='bbox 321 1223 365 1307; x_wconf 89' lang='grc' dir='ltr'><em>μή</em></span> <span class='ocrx_word' id='word_1_49' title='bbox 391 1224 621 1310; x_wconf 71' lang='grc' dir='ltr'><em>διαφθείρητε.</em></span> <span class='ocrx_word' id='word_1_50' title='bbox 648 1227 716 1288; x_wconf 90' lang='grc' dir='ltr'><em>ποῦ</em></span> <span class='ocrx_word' id='word_1_51' title='bbox 736 1220 780 1286; x_wconf 80' lang='grc' dir='ltr'><em>τὰ</em></span> <span class='ocrx_word' id='word_1_52' title='bbox 804 1223 945 1301; x_wconf 70' lang='grc' dir='ltr'><em>παιδίας</em></span> 
     </span>
     <span class='ocr_line' id='line_1_9' title="bbox 218 1322 1266 1420; baseline -0.001 -24"><span class='ocrx_word' id='word_1_53' title='bbox 218 1330 342 1420; x_wconf 74' lang='grc' dir='ltr'><em>*τηνδὶ</em></span> <span class='ocrx_word' id='word_1_54' title='bbox 364 1328 476 1414; x_wconf 87' lang='grc' dir='ltr'><em>λαβών</em></span> <span class='ocrx_word' id='word_1_55' title='bbox 498 1328 560 1413; x_wconf 89' lang='grc' dir='ltr'><em>τήν</em></span> <span class='ocrx_word' id='word_1_56' title='bbox 582 1334 701 1416; x_wconf 82' lang='grc' dir='ltr'><em>ψῆφον</em></span> <span class='ocrx_word' id='word_1_57' title='bbox 725 1328 782 1393; x_wconf 73' lang='grc' dir='ltr'><em>ἐπὶ</em></span> <span class='ocrx_word' id='word_1_58' title='bbox 805 1328 864 1392; x_wconf 81' lang='grc' dir='ltr'><em>τὸν</em></span> <span class='ocrx_word' id='word_1_59' title='bbox 887 1322 1026 1416; x_wconf 71' lang='grc' dir='ltr'><em>ὕστερον</em></span> <span class='ocrx_word' id='word_1_60' title='bbox 1199 1330 1266 1395; x_wconf 78' lang='grc'><em>986</em></span> 
     </span>
     <span class='ocr_line' id='line_1_10' title="bbox 243 1424 938 1521; baseline 0.003 -19"><span class='ocrx_word' id='word_1_61' title='bbox 243 1437 353 1520; x_wconf 80' lang='grc' dir='ltr'><em>μύσας</em></span> <span class='ocrx_word' id='word_1_62' title='bbox 376 1439 532 1521; x_wconf 79' lang='grc' dir='ltr'><em>παρᾷξον</em></span> <span class='ocrx_word' id='word_1_63' title='bbox 554 1435 748 1501; x_wconf 79' lang='grc' dir='ltr'><em>κάπόλυσον</em></span> <span class='ocrx_word' id='word_1_64' title='bbox 771 1424 796 1498; x_wconf 86' lang='grc' dir='ltr'><em>ώ</em></span> <span class='ocrx_word' id='word_1_65' title='bbox 820 1436 938 1520; x_wconf 82' lang='grc' dir='ltr'><em>πάτερ.</em></span> 
     </span>
     <span class='ocr_line' id='line_1_11' title="bbox 243 1559 1244 1651; baseline -0.005 -21"><span class='ocrx_word' id='word_1_66' title='bbox 243 1561 423 1651; x_wconf 76' lang='grc' dir='ltr'><em>(οἶντιβολώ</em></span> <span class='ocrx_word' id='word_1_67' title='bbox 446 1559 517 1647; x_wconf 88' lang='grc'><em>..)</em></span> <span class='ocrx_word' id='word_1_68' title='bbox 624 1561 680 1625; x_wconf 84' lang='grc' dir='ltr'><em>ναὶ</em></span> <span class='ocrx_word' id='word_1_69' title='bbox 704 1562 789 1647; x_wconf 86' lang='grc' dir='ltr'><em>πρὸς</em></span> <span class='ocrx_word' id='word_1_70' title='bbox 812 1565 877 1626; x_wconf 88' lang='grc' dir='ltr'><em>τών</em></span> <span class='ocrx_word' id='word_1_71' title='bbox 899 1567 1014 1646; x_wconf 83' lang='grc' dir='ltr'><em>κρεών,</em></span> <span class='ocrx_word' id='word_1_72' title='bbox 1075 1564 1152 1629; x_wconf 83' lang='lat' dir='ltr'><strong>Pac.</strong></span> <span class='ocrx_word' id='word_1_73' title='bbox 1176 1560 1244 1627; x_wconf 84' lang='grc'><em>378</em></span> 
     </span>
     <span class='ocr_line' id='line_1_12' title="bbox 244 1667 930 1757; baseline 0 -25"><span class='ocrx_word' id='word_1_74' title='bbox 244 1668 312 1752; x_wconf 83' lang='grc' dir='ltr'><em>ἆγώ</em></span> <span class='ocrx_word' id='word_1_75' title='bbox 334 1667 520 1755; x_wconf 72' lang='grc' dir='ltr'><em>προθύμως</em></span> <span class='ocrx_word' id='word_1_76' title='bbox 543 1686 596 1732; x_wconf 93' lang='grc' dir='ltr'><em>σοι</em></span> <span class='ocrx_word' id='word_1_77' title='bbox 620 1668 729 1753; x_wconf 76' lang='grc' dir='ltr'><em>φέρων</em></span> <span class='ocrx_word' id='word_1_78' title='bbox 753 1667 930 1757; x_wconf 79' lang='grc' dir='ltr'><em>ἀφικόμην.</em></span> 
     </span>
     <span class='ocr_line' id='line_1_13' title="bbox 242 1764 1243 1862; baseline 0.004 -22"><span class='ocrx_word' id='word_1_79' title='bbox 242 1777 287 1862; x_wconf 90' lang='grc' dir='ltr'><em>μή</em></span> <span class='ocrx_word' id='word_1_80' title='bbox 311 1799 370 1840; x_wconf 92' lang='grc' dir='ltr'><em>νυν</em></span> <span class='ocrx_word' id='word_1_81' title='bbox 392 1775 548 1862; x_wconf 79' lang='grc' dir='ltr'><em>λακήσῃς,</em></span> <span class='ocrx_word' id='word_1_82' title='bbox 571 1774 736 1858; x_wconf 89' lang='grc' dir='ltr'><em>λίσσομαί</em></span> <span class='ocrx_word' id='word_1_83' title='bbox 756 1774 787 1838; x_wconf 87' lang='grc' dir='ltr'><em>τ’</em></span> <span class='ocrx_word' id='word_1_84' title='bbox 811 1764 980 1861; x_wconf 82' lang='grc' dir='ltr'><em>ώρμίδιον.</em></span> <span class='ocrx_word' id='word_1_85' title='bbox 1176 1778 1243 1844; x_wconf 76' lang='lat'><em>382</em></span> 
     </span>
    </p>

    <p class='ocr_par' dir='ltr' id='par_1_6' title="bbox 243 1871 1243 2074">
     <span class='ocr_line' id='line_1_14' title="bbox 405 1871 1243 1969; baseline 0.004 -22"><span class='ocrx_word' id='word_1_86' title='bbox 405 1884 488 1966; x_wconf 83' lang='grc' dir='ltr'><em>πρὸς</em></span> <span class='ocrx_word' id='word_1_87' title='bbox 510 1881 604 1948; x_wconf 72' lang='grc' dir='ltr'><em>ταῦτ’</em></span> <span class='ocrx_word' id='word_1_88' title='bbox 627 1871 651 1946; x_wconf 72' lang='lat' dir='ltr'><em>ei</em></span> <span class='ocrx_word' id='word_1_89' title='bbox 677 1881 744 1967; x_wconf 78' lang='grc' dir='ltr'><em>φίλ’</em></span> <span class='ocrx_word' id='word_1_90' title='bbox 763 1883 868 1968; x_wconf 83' lang='grc' dir='ltr'><em>Ἑρμή</em></span> <span class='ocrx_word' id='word_1_91' title='bbox 890 1882 1035 1969; x_wconf 79' lang='grc' dir='ltr'><em>ξύλλαβε</em></span> <span class='ocrx_word' id='word_1_92' title='bbox 1176 1884 1243 1950; x_wconf 79' lang='grc'><em>416</em></span> 
     </span>
     <span class='ocr_line' id='line_1_15' title="bbox 243 1988 967 2074; baseline 0.007 -20"><span class='ocrx_word' id='word_1_93' title='bbox 243 1989 322 2074; x_wconf 81' lang='grc' dir='ltr'><em>ἡμῖν</em></span> <span class='ocrx_word' id='word_1_94' title='bbox 345 1988 530 2074; x_wconf 74' lang='grc' dir='ltr'><em>προθύμως</em></span> <span class='ocrx_word' id='word_1_95' title='bbox 553 1992 656 2054; x_wconf 80' lang='grc' dir='ltr'><em>τώνδε</em></span> <span class='ocrx_word' id='word_1_96' title='bbox 679 1991 735 2054; x_wconf 81' lang='grc' dir='ltr'><em>καὶ</em></span> <span class='ocrx_word' id='word_1_97' title='bbox 759 1991 967 2066; x_wconf 74' lang='grc' dir='ltr'><em>ξυνέλκυσον.</em></span> 
     </span>
    </p>
   </div>
   <div class='ocr_carea' id='block_1_5' title="bbox 82 2115 1369 2292">
    <p class='ocr_par' dir='ltr' id='par_1_7' title="bbox 82 2115 1369 2292">
     <span class='ocr_line' id='line_1_16' title="bbox 82 2115 1369 2201; baseline 0.002 -19"><span class='ocrx_word' id='word_1_98' title='bbox 82 2119 263 2184; x_wconf 80' lang='lat' dir='ltr'><strong>Praeterea</strong></span> <span class='ocrx_word' id='word_1_99' title='bbox 297 2117 338 2184; x_wconf 82' lang='lat' dir='ltr'><em>of.</em></span> <span class='ocrx_word' id='word_1_100' title='bbox 373 2118 450 2201; x_wconf 83' lang='lat' dir='ltr'>Lys.</span> <span class='ocrx_word' id='word_1_101' title='bbox 486 2115 528 2182; x_wconf 83' lang='grc'><em>69</em></span> <span class='ocrx_word' id='word_1_102' title='bbox 552 2137 595 2197; x_wconf 82' lang='lat' dir='ltr'><em>s,</em></span> <span class='ocrx_word' id='word_1_103' title='bbox 619 2115 678 2200; x_wconf 75' lang='lat'><em>723</em></span> <span class='ocrx_word' id='word_1_104' title='bbox 717 2119 795 2200; x_wconf 79' lang='lat' dir='ltr'>Lys,</span> <span class='ocrx_word' id='word_1_105' title='bbox 830 2116 911 2200; x_wconf 80' lang='lat'><em>9303</em></span> <span class='ocrx_word' id='word_1_106' title='bbox 949 2118 1077 2186; x_wconf 80' lang='lat' dir='ltr'><em>&#39;Phesm</em></span> <span class='ocrx_word' id='word_1_107' title='bbox 1112 2117 1196 2200; x_wconf 74' lang='lat'><em>2103</em></span> <span class='ocrx_word' id='word_1_108' title='bbox 1232 2117 1301 2184; x_wconf 79' lang='lat'><em>233</em></span> <span class='ocrx_word' id='word_1_109' title='bbox 1326 2137 1369 2200; x_wconf 89' lang='lat' dir='ltr'><em>s.;</em></span> 
     </span>
     <span class='ocr_line' id='line_1_17' title="bbox 82 2223 296 2292; baseline 0 -1"><span class='ocrx_word' id='word_1_110' title='bbox 82 2227 165 2292; x_wconf 85' lang='lat' dir='ltr'><strong>Ram.</strong></span> <span class='ocrx_word' id='word_1_111' title='bbox 188 2223 253 2290; x_wconf 77' lang='lat'><em>843</em></span> <span class='ocrx_word' id='word_1_112' title='bbox 271 2244 296 2291; x_wconf 90' lang='lat' dir='ltr'><em>s.</em></span> 
     </span>
    </p>
   </div>
   <div class='ocr_carea' id='block_1_6' title="bbox 82 2831 206 2898">
    <p class='ocr_par' dir='ltr' id='par_1_8' title="bbox 82 2831 206 2898">
     <span class='ocr_line' id='line_1_18' title="bbox 82 2831 206 2898; baseline 0.008 -2"><span class='ocrx_word' id='word_1_113' title='bbox 82 2832 132 2898; x_wconf 89' lang='lat' dir='ltr'><em>De</em></span> <span class='ocrx_word' id='word_1_114' title='bbox 155 2831 206 2897; x_wconf 88' lang='lat' dir='ltr'><em>his</em></span> 
     </span>
    </p>
   </div>
   <div class='ocr_carea' id='block_1_7' title="bbox 710 2472 1219 2684">
    <p class='ocr_par' dir='ltr' id='par_1_9' title="bbox 710 2472 1219 2684">
     <span class='ocr_line' id='line_1_19' title="bbox 710 2472 738 2539; baseline 0 0"><span class='ocrx_word' id='word_1_115' title='bbox 710 2472 738 2539; x_wconf 88' lang='lat'><em>3.</em></span> 
     </span>
     <span class='ocr_line' id='line_1_20' title="bbox 715 2595 1219 2684; baseline 0.008 -23"><span class='ocrx_word' id='word_1_116' title='bbox 715 2595 914 2684; x_wconf 85' lang='grc' dir='ltr'><em>(λογίζομαι)</em></span> <span class='ocrx_word' id='word_1_117' title='bbox 1075 2601 1155 2668; x_wconf 67' lang='lat' dir='ltr'><strong>Aah.</strong></span> <span class='ocrx_word' id='word_1_118' title='bbox 1181 2599 1219 2665; x_wconf 88' lang='grc'><em>31</em></span> 
     </span>
    </p>
   </div>
   <div class='ocr_carea' id='block_1_8' title="bbox 230 2701 1368 2913">
    <p class='ocr_par' dir='ltr' id='par_1_10' title="bbox 230 2701 1368 2913">
     <span class='ocr_line' id='line_1_21' title="bbox 247 2701 1224 2790; baseline 0.003 -21"><span class='ocrx_word' id='word_1_119' title='bbox 247 2708 372 2788; x_wconf 78' lang='grc' dir='ltr'><em>σταγών</em></span> <span class='ocrx_word' id='word_1_120' title='bbox 386 2705 449 2786; x_wconf 83' lang='grc' dir='ltr'><em>μὲν</em></span> <span class='ocrx_word' id='word_1_121' title='bbox 465 2701 562 2786; x_wconf 76' lang='grc' dir='ltr'><em>ἄστυ,</em></span> <span class='ocrx_word' id='word_1_122' title='bbox 579 2705 638 2769; x_wconf 86' lang='grc' dir='ltr'><em>τὸν</em></span> <span class='ocrx_word' id='word_1_123' title='bbox 654 2703 683 2770; x_wconf 83' lang='grc' dir='ltr'><em>δ’</em></span> <span class='ocrx_word' id='word_1_124' title='bbox 696 2704 777 2788; x_wconf 78' lang='grc' dir='ltr'><em>ἐμὸν</em></span> <span class='ocrx_word' id='word_1_125' title='bbox 793 2707 901 2790; x_wconf 79' lang='grc' dir='ltr'><em>δῆμον</em></span> <span class='ocrx_word' id='word_1_126' title='bbox 916 2709 1038 2770; x_wconf 70' lang='grc' dir='ltr'><em>ποθών</em></span> <span class='ocrx_word' id='word_1_127' title='bbox 1049 2730 1113 2776; x_wconf 76' lang='lat' dir='ltr'><em>m.</em></span> <span class='ocrx_word' id='word_1_128' title='bbox 1123 2705 1151 2774; x_wconf 92' lang='grc' dir='ltr'><em>λ.</em></span> <span class='ocrx_word' id='word_1_129' title='bbox 1181 2705 1224 2772; x_wconf 87' lang='grc'><em>33</em></span> 
     </span>
     <span class='ocr_line' id='line_1_22' title="bbox 230 2831 1368 2913; baseline 0.002 -17"><span class='ocrx_word' id='word_1_130' title='bbox 230 2831 489 2898; x_wconf 75' lang='lat' dir='ltr'><em>Acharnensium</em></span> <span class='ocrx_word' id='word_1_131' title='bbox 514 2832 680 2911; x_wconf 84' lang='lat' dir='ltr'>versibus,</span> <span class='ocrx_word' id='word_1_132' title='bbox 711 2831 766 2913; x_wconf 85' lang='lat' dir='ltr'><em>qui</em></span> <span class='ocrx_word' id='word_1_133' title='bbox 788 2831 904 2898; x_wconf 76' lang='lat' dir='ltr'>rustici</span> <span class='ocrx_word' id='word_1_134' title='bbox 927 2832 1064 2898; x_wconf 86' lang='lat' dir='ltr'>hominis</span> <span class='ocrx_word' id='word_1_135' title='bbox 1089 2833 1289 2899; x_wconf 86' lang='lat' dir='ltr'><em>desiderium</em></span> <span class='ocrx_word' id='word_1_136' title='bbox 1315 2835 1368 2898; x_wconf 91' lang='lat' dir='ltr'><em>de-</em></span> 
     </span>
    </p>
   </div>
   <div class='ocr_carea' id='block_1_9' title="bbox 85 2938 1368 3025">
    <p class='ocr_par' dir='ltr' id='par_1_11' title="bbox 85 2938 1368 3025">
     <span class='ocr_line' id='line_1_23' title="bbox 85 2938 1368 3025; baseline 0.002 -21"><span class='ocrx_word' id='word_1_137' title='bbox 85 2938 248 3019; x_wconf 75' lang='lat' dir='ltr'>scribunt,</span> <span class='ocrx_word' id='word_1_138' title='bbox 286 2938 351 3004; x_wconf 92' lang='lat' dir='ltr'><em>iam</em></span> <span class='ocrx_word' id='word_1_139' title='bbox 385 2958 486 3021; x_wconf 85' lang='lat' dir='ltr'><strong>supra</strong></span> <span class='ocrx_word' id='word_1_140' title='bbox 520 2939 612 3005; x_wconf 86' lang='lat' dir='ltr'>nobis</span> <span class='ocrx_word' id='word_1_141' title='bbox 648 2957 701 3005; x_wconf 92' lang='lat' dir='ltr'><em>res</em></span> <span class='ocrx_word' id='word_1_142' title='bbox 736 2939 800 3005; x_wconf 84' lang='lat' dir='ltr'>fuit</span> <span class='ocrx_word' id='word_1_143' title='bbox 837 2939 871 3004; x_wconf 90' lang='lat' dir='ltr'><em>in</em></span> <span class='ocrx_word' id='word_1_144' title='bbox 905 2939 1121 3022; x_wconf 77' lang='lat' dir='ltr'><em>praefationis</em></span> <span class='ocrx_word' id='word_1_145' title='bbox 1157 2942 1368 3025; x_wconf 79' lang='lat' dir='ltr'><strong>paragrapho</strong></span> 
     </span>
    </p>
   </div>
   <div class='ocr_carea' id='block_1_10' title="bbox 84 3043 1368 3236">
    <p class='ocr_par' dir='ltr' id='par_1_12' title="bbox 84 3043 1368 3236">
     <span class='ocr_line' id='line_1_24' title="bbox 84 3043 1368 3130; baseline 0.002 -18"><span class='ocrx_word' id='word_1_146' title='bbox 84 3045 229 3112; x_wconf 77' lang='lat' dir='ltr'><strong>secunda</strong></span> <span class='ocrx_word' id='word_1_147' title='bbox 261 3045 306 3130; x_wconf 85' lang='lat' dir='ltr'><em>(v.</em></span> <span class='ocrx_word' id='word_1_148' title='bbox 329 3066 383 3129; x_wconf 82' lang='lat' dir='ltr'><em>pg.</em></span> <span class='ocrx_word' id='word_1_149' title='bbox 407 3043 473 3130; x_wconf 86' lang='lat'>11).</span> <span class='ocrx_word' id='word_1_150' title='bbox 527 3048 635 3128; x_wconf 77' lang='lat' dir='ltr'><strong>Auget</strong></span> <span class='ocrx_word' id='word_1_151' title='bbox 668 3067 746 3114; x_wconf 82' lang='lat' dir='ltr'><strong>rere</strong></span> <span class='ocrx_word' id='word_1_152' title='bbox 782 3047 1009 3130; x_wconf 73' lang='lat' dir='ltr'>descriptionis</span> <span class='ocrx_word' id='word_1_153' title='bbox 1045 3048 1280 3116; x_wconf 75' lang='lat' dir='ltr'><strong>amoenitatem</strong></span> <span class='ocrx_word' id='word_1_154' title='bbox 1314 3069 1368 3116; x_wconf 85' lang='lat' dir='ltr'><em>res</em></span> 
     </span>
     <span class='ocr_line' id='line_1_25' title="bbox 84 3153 517 3236; baseline 0.005 -18"><span class='ocrx_word' id='word_1_155' title='bbox 84 3153 222 3220; x_wconf 78' lang='lat' dir='ltr'><strong>metrica</strong></span> <span class='ocrx_word' id='word_1_156' title='bbox 243 3153 341 3236; x_wconf 89' lang='lat' dir='ltr'><strong>plane</strong></span> <span class='ocrx_word' id='word_1_157' title='bbox 365 3153 517 3235; x_wconf 75' lang='lat' dir='ltr'><strong>expolita.</strong></span> 
     </span>
    </p>
   </div>
   <div class='ocr_carea' id='block_1_11' title="bbox 191 3278 545 3362">
    <p class='ocr_par' dir='ltr' id='par_1_13' title="bbox 191 3278 545 3362">
     <span class='ocr_line' id='line_1_26' title="bbox 191 3278 545 3362; baseline 0 -17"><span class='ocrx_word' id='word_1_158' title='bbox 191 3279 395 3362; x_wconf 77' lang='lat' dir='ltr'><strong>Quaeramus</strong></span> <span class='ocrx_word' id='word_1_159' title='bbox 419 3278 545 3345; x_wconf 88' lang='lat' dir='ltr'><em>similia.</em></span> 
     </span>
    </p>
   </div>
   <div class='ocr_carea' id='block_1_12' title="bbox 139 3849 186 3856">
    <p class='ocr_par' dir='ltr' id='par_1_14' title="bbox 139 3849 186 3856">
     <span class='ocr_line' id='line_1_27' title="bbox 139 3849 186 3856; baseline -0.043 0"><span class='ocrx_word' id='word_1_160' title='bbox 139 3849 186 3856; x_wconf 67' lang='lat'><em>0-—</em></span> 
     </span>
    </p>
   </div>
   <div class='ocr_carea' id='block_1_13' title="bbox 14 4530 208 4608">
    <p class='ocr_par' dir='ltr' id='par_1_15' title="bbox 14 4530 208 4608">
     <span class='ocr_line' id='line_1_28' title="bbox 14 4530 208 4608; baseline 0 0"><span class='ocrx_word' id='word_1_161' title='bbox 14 4530 17 4535; x_wconf 76' lang='grc'><strong>’</strong></span> <span class='ocrx_word' id='word_1_162' title='bbox 51 4534 208 4608; x_wconf 66' lang='grc' dir='ltr'><em>Α·</em></span> 
     </span>
    </p>
   </div>
   <div class='ocr_carea' id='block_1_14' title="bbox 245 3401 1267 3830">
    <p class='ocr_par' dir='ltr' id='par_1_16' title="bbox 245 3401 1267 3585">
     <span class='ocr_line' id='line_1_29' title="bbox 246 3401 1267 3490; baseline 0.007 -24"><span class='ocrx_word' id='word_1_163' title='bbox 246 3402 307 3466; x_wconf 80' lang='grc' dir='ltr'><em>ἐὰν</em></span> <span class='ocrx_word' id='word_1_164' title='bbox 330 3401 368 3468; x_wconf 81' lang='grc' dir='ltr'><em>δὲ</em></span> <span class='ocrx_word' id='word_1_165' title='bbox 390 3408 483 3490; x_wconf 80' lang='grc' dir='ltr'><em>νίφη,</em></span> <span class='ocrx_word' id='word_1_166' title='bbox 508 3401 592 3486; x_wconf 82' lang='grc' dir='ltr'><em>πρὸς</em></span> <span class='ocrx_word' id='word_1_167' title='bbox 615 3406 653 3467; x_wconf 86' lang='grc' dir='ltr'><em>τὸ</em></span> <span class='ocrx_word' id='word_1_168' title='bbox 678 3408 746 3488; x_wconf 90' lang='grc' dir='ltr'><em>πῦρ</em></span> <span class='ocrx_word' id='word_1_169' title='bbox 769 3403 961 3490; x_wconf 69' lang='grc' dir='ltr'><em>καθήμενος</em></span> <span class='ocrx_word' id='word_1_170' title='bbox 1076 3408 1174 3490; x_wconf 88' lang='lat' dir='ltr'>Vesp.</span> <span class='ocrx_word' id='word_1_171' title='bbox 1200 3405 1267 3473; x_wconf 84' lang='lat'><em>773</em></span> 
     </span>
     <span class='ocr_line' id='line_1_30' title="bbox 245 3504 474 3585; baseline 0.004 -7"><span class='ocrx_word' id='word_1_172' title='bbox 245 3504 360 3585; x_wconf 81' lang='grc' dir='ltr'><em>ύοντος</em></span> <span class='ocrx_word' id='word_1_173' title='bbox 384 3511 474 3579; x_wconf 79' lang='grc' dir='ltr'><em>εἴσει.</em></span> 
     </span>
    </p>

    <p class='ocr_par' dir='ltr' id='par_1_17' title="bbox 245 3638 1263 3830">
     <span class='ocr_line' id='line_1_31' title="bbox 245 3638 1263 3725; baseline 0.006 -24"><span class='ocrx_word' id='word_1_174' title='bbox 245 3638 300 3701; x_wconf 78' lang='grc' dir='ltr'><em>καὶ</em></span> <span class='ocrx_word' id='word_1_175' title='bbox 324 3640 392 3720; x_wconf 92' lang='grc' dir='ltr'><em>πῦρ</em></span> <span class='ocrx_word' id='word_1_176' title='bbox 414 3661 449 3719; x_wconf 84' lang='grc' dir='ltr'><em>γε</em></span> <span class='ocrx_word' id='word_1_177' title='bbox 470 3641 579 3701; x_wconf 86' lang='grc' dir='ltr'><em>τουτί·</em></span> <span class='ocrx_word' id='word_1_178' title='bbox 603 3638 658 3700; x_wconf 79' lang='grc' dir='ltr'><em>καὶ</em></span> <span class='ocrx_word' id='word_1_179' title='bbox 681 3639 907 3725; x_wconf 75' lang='grc' dir='ltr'><em>προσέστηκεν</em></span> <span class='ocrx_word' id='word_1_180' title='bbox 931 3641 1021 3724; x_wconf 79' lang='grc' dir='ltr'><em>φακή</em></span> <span class='ocrx_word' id='word_1_181' title='bbox 1073 3641 1171 3722; x_wconf 84' lang='lat' dir='ltr'>Vesp.</span> <span class='ocrx_word' id='word_1_182' title='bbox 1196 3639 1263 3707; x_wconf 82' lang='lat'><em>812</em></span> 
     </span>
     <span class='ocr_line' id='line_1_32' title="bbox 246 3742 604 3830; baseline 0.006 -22"><span class='ocrx_word' id='word_1_183' title='bbox 246 3745 373 3830; x_wconf 79' lang='grc' dir='ltr'><em>ῥοφεῖν,</em></span> <span class='ocrx_word' id='word_1_184' title='bbox 398 3743 457 3808; x_wconf 75' lang='grc' dir='ltr'><em>ἐὰν</em></span> <span class='ocrx_word' id='word_1_185' title='bbox 481 3742 541 3830; x_wconf 82' lang='grc' dir='ltr'><em>δὲῃ</em></span> <span class='ocrx_word' id='word_1_186' title='bbox 563 3767 604 3811; x_wconf 92' lang='grc' dir='ltr'><em>τι.</em></span> 
     </span>
    </p>
   </div>
   <div class='ocr_carea' id='block_1_15' title="bbox 217 3901 1228 4312">
    <p class='ocr_par' dir='ltr' id='par_1_18' title="bbox 217 3901 1228 4312">
     <span class='ocr_line' id='line_1_33' title="bbox 351 3901 1226 3991; baseline 0.005 -23"><span class='ocrx_word' id='word_1_187' title='bbox 351 3910 424 3990; x_wconf 86' lang='grc' dir='ltr'><em>βίος</em></span> <span class='ocrx_word' id='word_1_188' title='bbox 528 3903 585 3970; x_wconf 90' lang='grc' dir='ltr'><em>οῦκ</em></span> <span class='ocrx_word' id='word_1_189' title='bbox 608 3901 725 3990; x_wconf 75' lang='grc' dir='ltr'><em>ἄχαρις</em></span> <span class='ocrx_word' id='word_1_190' title='bbox 748 3905 780 3979; x_wconf 77' lang='grc' dir='ltr'><em>ἐς</em></span> <span class='ocrx_word' id='word_1_191' title='bbox 803 3905 863 3989; x_wconf 91' lang='grc' dir='ltr'><em>τήν</em></span> <span class='ocrx_word' id='word_1_192' title='bbox 886 3907 1010 3991; x_wconf 86' lang='grc' dir='ltr'><em>τριβήν.</em></span> <span class='ocrx_word' id='word_1_193' title='bbox 1075 3909 1136 3976; x_wconf 83' lang='lat' dir='ltr'><em>Av.</em></span> <span class='ocrx_word' id='word_1_194' title='bbox 1161 3906 1226 3974; x_wconf 86' lang='lat'><em>156</em></span> 
     </span>
     <span class='ocr_line' id='line_1_34' title="bbox 247 4006 1160 4097; baseline -0.002 -19"><span class='ocrx_word' id='word_1_195' title='bbox 247 4006 286 4080; x_wconf 83' lang='grc' dir='ltr'><em>οὗ</em></span> <span class='ocrx_word' id='word_1_196' title='bbox 310 4017 427 4096; x_wconf 88' lang='grc' dir='ltr'><em>πρώτα</em></span> <span class='ocrx_word' id='word_1_197' title='bbox 449 4016 511 4095; x_wconf 77' lang='grc' dir='ltr'><em>μὲν</em></span> <span class='ocrx_word' id='word_1_198' title='bbox 534 4014 590 4078; x_wconf 78' lang='grc' dir='ltr'><em>δεῖ</em></span> <span class='ocrx_word' id='word_1_199' title='bbox 608 4013 667 4096; x_wconf 82' lang='grc' dir='ltr'><em>ζῆν</em></span> <span class='ocrx_word' id='word_1_200' title='bbox 690 4009 770 4076; x_wconf 77' lang='grc' dir='ltr'><em>ἄνευ</em></span> <span class='ocrx_word' id='word_1_201' title='bbox 792 4012 996 4097; x_wconf 80' lang='grc' dir='ltr'><em>βαλλαντίου</em></span> <span class='ocrx_word' id='word_1_202' title='bbox 1051 4016 1053 4021; x_wconf 78' lang='grc'>’</span> <span class='ocrx_word' id='word_1_203' title='bbox 1157 4092 1160 4097; x_wconf 8' lang='grc' dir='ltr'><strong><em>ἡ</em></strong></span> 
     </span>
     <span class='ocr_line' id='line_1_35' title="bbox 217 4118 1228 4204; baseline 0.003 -19"><span class='ocrx_word' id='word_1_204' title='bbox 217 4119 421 4204; x_wconf 72' lang='grc' dir='ltr'><em>*νεμόμεθα</em></span> <span class='ocrx_word' id='word_1_205' title='bbox 444 4119 474 4184; x_wconf 79' lang='grc' dir='ltr'><em>δ’</em></span> <span class='ocrx_word' id='word_1_206' title='bbox 499 4118 534 4183; x_wconf 78' lang='grc' dir='ltr'><em>ἓν</em></span> <span class='ocrx_word' id='word_1_207' title='bbox 556 4119 675 4204; x_wconf 88' lang='grc' dir='ltr'><em>κήποις</em></span> <span class='ocrx_word' id='word_1_208' title='bbox 698 4119 741 4183; x_wconf 77' lang='grc' dir='ltr'><em>τοὶ</em></span> <span class='ocrx_word' id='word_1_209' title='bbox 764 4119 864 4183; x_wconf 74' lang='grc' dir='ltr'><em>λευκοὶ</em></span> <span class='ocrx_word' id='word_1_210' title='bbox 888 4119 1026 4204; x_wconf 82' lang='grc' dir='ltr'><em>σήσαμα</em></span> <span class='ocrx_word' id='word_1_211' title='bbox 1076 4123 1138 4189; x_wconf 81' lang='lat' dir='ltr'><em>Av.</em></span> <span class='ocrx_word' id='word_1_212' title='bbox 1163 4120 1228 4188; x_wconf 80' lang='grc'><em>159</em></span> 
     </span>
     <span class='ocr_line' id='line_1_36' title="bbox 245 4225 960 4312; baseline 0.003 -20"><span class='ocrx_word' id='word_1_213' title='bbox 245 4229 301 4293; x_wconf 82' lang='grc' dir='ltr'><em>καὶ</em></span> <span class='ocrx_word' id='word_1_214' title='bbox 322 4227 432 4312; x_wconf 88' lang='grc' dir='ltr'><em>μύρτα</em></span> <span class='ocrx_word' id='word_1_215' title='bbox 454 4229 509 4291; x_wconf 78' lang='grc' dir='ltr'><em>καὶ</em></span> <span class='ocrx_word' id='word_1_216' title='bbox 531 4227 667 4311; x_wconf 89' lang='grc' dir='ltr'><em>μήκωνα</em></span> <span class='ocrx_word' id='word_1_217' title='bbox 687 4228 744 4291; x_wconf 80' lang='grc' dir='ltr'><em>καὶ</em></span> <span class='ocrx_word' id='word_1_218' title='bbox 768 4225 960 4311; x_wconf 92' lang='grc' dir='ltr'><em>σισύμβρια.</em></span> 
     </span>
    </p>
   </div>
   <div class='ocr_carea' id='block_1_16' title="bbox 247 4386 1271 4475">
    <p class='ocr_par' dir='ltr' id='par_1_19' title="bbox 247 4386 1271 4475">
     <span class='ocr_line' id='line_1_37' title="bbox 247 4386 1271 4475; baseline 0.006 -24"><span class='ocrx_word' id='word_1_219' title='bbox 247 4387 402 4474; x_wconf 84' lang='grc' dir='ltr'><em>...αῦτή</em></span> <span class='ocrx_word' id='word_1_220' title='bbox 427 4387 457 4453; x_wconf 76' lang='grc' dir='ltr'><em>δ’</em></span> <span class='ocrx_word' id='word_1_221' title='bbox 473 4387 615 4472; x_wconf 81' lang='grc' dir='ltr'><em>ἐμαυτῆς</em></span> <span class='ocrx_word' id='word_1_222' title='bbox 639 4386 677 4452; x_wconf 86' lang='grc' dir='ltr'><em>ού</em></span> <span class='ocrx_word' id='word_1_223' title='bbox 700 4393 805 4463; x_wconf 90' lang='grc' dir='ltr'><em>κακώς</em></span> <span class='ocrx_word' id='word_1_224' title='bbox 826 4389 953 4475; x_wconf 86' lang='grc' dir='ltr'><em>γνώμης</em></span> <span class='ocrx_word' id='word_1_225' title='bbox 976 4386 1051 4469; x_wconf 81' lang='grc' dir='ltr'><em>ἐ’χω,</em></span> <span class='ocrx_word' id='word_1_226' title='bbox 1076 4389 1153 4472; x_wconf 83' lang='lat' dir='ltr'>Lys.</span> <span class='ocrx_word' id='word_1_227' title='bbox 1178 4388 1271 4458; x_wconf 82' lang='lat'>1125</span> 
     </span>
    </p>
   </div>
   <div class='ocr_carea' id='block_1_17' title="bbox 0 0 1392 4906">
    <p class='ocr_par' dir='ltr' id='par_1_20' title="bbox 0 0 1392 4906">
     <span class='ocr_line' id='line_1_38' title="bbox 0 0 1392 4906; baseline 0 0"><span class='ocrx_word' id='word_1_228' title='bbox 0 0 1392 4906; x_wconf 95' lang='lat' dir='ltr'><em> </em></span> 
     </span>
    </p>
   </div>
  </div>
 </body>
</html>
