2776 4906
606 337 826 405 ..10-

73 536 284 619 premendum
306 535 385 600 mihi
408 538 460 601 cst
483 554 578 616 quam
602 535 750 614 maxime,
782 553 853 600 cum
877 535 987 600 tamen
1010 536 1061 599 tot
1083 533 1163 599 locis
1188 529 1359 614 apertissi-

74 663 160 709 mum
190 643 233 709 sit
257 642 509 724 Aristophanem
542 642 575 706 id
606 661 755 721 curasse,
789 644 826 706 ut
854 640 1016 724 legitimos
1052 643 1084 704 et
1119 660 1218 722 puros
1249 641 1285 704 et
1316 636 1358 702 ad

74 769 220 815 normam
243 749 400 815 cadentes
423 748 570 815 senarios
594 751 798 830 proponeret.
838 749 954 829 ltaque
976 747 1074 814 venia
1097 747 1190 816 nobis
1213 745 1360 828 petenda

76 859 142 938 est;
177 855 369 936 ubicumque
403 855 487 920 enim
520 855 560 920 de
590 855 727 939 tragicis
758 854 914 920 trimetris
949 855 1044 919 huius
1075 854 1202 935 quidem
1237 855 1375 935 poetae.

74 963 215 1030 locuturi
238 981 358 1042 sumus,
380 961 415 1028 id
437 962 485 1027 ita
508 961 764 1046 intellegendum
787 981 861 1027 esse
883 965 1008 1042 teneas,
1031 964 1068 1026 ut
1092 961 1132 1026 de
1154 959 1358 1027 Porsoniano

75 1069 181 1138 edicto
205 1088 247 1136 ne
271 1069 459 1151 cogitemus.
1378 1082 1383 1087 ·

181 1177 420 1258 Aristophanes
455 1195 536 1242 sane
573 1177 659 1241 hano
698 1194 823 1256 quoque
860 1175 908 1241 rei
945 1175 1101 1241 metricae
1139 1174 1384 1241 subtilitatem

76 1283 188 1350 sensit.
235 1283 314 1348 Cum
344 1283 417 1366 lege
448 1282 613 1349 severiore
645 1300 718 1347 sese
749 1281 954 1364 obstringere
984 1281 1103 1361 noHet,
1134 1284 1245 1346 tamen
1268 1277 1384 1344 intra

76 1390 141 1456 tria
167 1389 225 1455 illa
247 1389 467 1455 trimetrorum
497 1408 621 1473 genera
652 1407 717 1454 non
748 1387 820 1470 pari
850 1388 984 1454 licentia
1014 1407 1093 1454 usus
1124 1391 1192 1468 est,
1223 1386 1358 1452 namin

76 1496 233 1562 trimetris
258 1496 469 1580 elegantioris
494 1495 618 1561 formae
642 1495 870 1578 componendis
896 1495 992 1577 paulo
1017 1495 1203 1561 accuratius
1228 1493 1360 1560 curavit
1385 1552 1388 1557 ,

75 1604 182 1686 legem
204 1603 359 1668 Porsonis
388 1621 483 1684 quam
510 1602 545 1668 in
568 1602 696 1668 ceteris.
741 1602 900 1684 Exemplo
924 1601 992 1667 sint
1014 1602 1274 1668 Acharnensium
1300 1600 1359 1665 tri-

76 1712 181 1776 metri.
239 1709 358 1788 Cretici
392 1728 524 1776 versum
558 1709 805 1789 concludentes,
844 1709 915 1776 sive
949 1709 1127 1791 praecedat
1161 1709 1359 1776 vocabulum

77 1815 286 1898 spondiacum
311 1815 381 1883 sive
405 1834 469 1880 non
492 1815 687 1898 praecedat,
717 1815 806 1880 intra
829 1815 1086 1881 Acharnensium
1118 1816 1285 1881 trimetros
1309 1815 1358 1879 in·
1382 1806 1385 1817 '

77 1923 253 1988 dissolutos
277 1921 398 2005 singuli
421 1924 555 1988 exstant
577 1923 612 1988 in
634 1922 785 1990 versibus
805 1920 835 2002 2,
847 1939 890 2002 69,
914 1922 1003 1988 intra
1024 1923 1189 1988 trimetros
1211 1921 1359 1988 eiusdem

76 2029 208 2096 fabulae
243 2029 387 2113 tragicos
429 2029 464 2094 in
497 2029 648 2097 versibus
683 2028 713 2109 2,
729 2048 780 2109 74,
822 2029 910 2094 intra
944 2029 1109 2095 trimetros
1149 2029 1289 2094 comicos
1324 2027 1359 2092 in

77 2136 227 2204 versibus
255 2135 286 2217 2,
302 2155 345 2208 67.
391 2137 493 2202 Pares
522 2155 600 2220 ergo
632 2136 838 2202 condiciones
869 2135 1042 2217 unicuique
1065 2155 1219 2203 versuum
1242 2133 1360 2218 generi

77 2248 163 2324 sunt,
187 2246 334 2309 attamen
356 2262 410 2308 res
433 2243 482 2309 ita
505 2262 541 2308 se
564 2244 681 2309 hahet:
710 2243 798 2308 inter
821 2246 975 2308 centenos
999 2262 1125 2324 versus,
1157 2243 1210 2323 qui
1234 2241 1359 2308 cretico

75 2350 250 2429 finiuntur,
288 2349 429 2416 trimetri
464 2353 542 2416 sunt
576 2349 763 2416 indissoluti
790 2348 841 2431 6⁶2,
857 2367 905 2427 38,
937 2350 1056 2433 tragici
1085 2349 1136 2429 58,
1152 2368 1203 2430 42,
1243 2347 1361 2414 comici

77 2455 188 2538 51151,
218 2456 273 2537 qui
303 2475 383 2522 non
410 2456 580 2524 violant
607 2458 713 2541 legem
736 2456 900 2523 Porsonis.
946 2458 1035 2542 Ergo
1059 2458 1112 2524 vel
1140 2476 1182 2522 ex
1204 2457 1382 2540 neglecta.

76 2565 143 2629 ista
166 2564 240 2645 lege
263 2565 353 2629 recte
376 2562 466 2628 illam
489 2563 743 2645 tripartitionem
767 2583 802 2629 se
825 2565 948 2630 habore
972 2567 1117 2647 apparet.

184 2670 278 2734 Haec
292 2670 397 2735 habeo
422 2688 505 2750 quae
528 2671 736 2752 praemittam
760 2669 935 2736 deformis
959 2671 1189 2751 trimetrorum,
1217 2689 1303 2752 quae
1328 2690 1366 2734 1ι

78 2775 244 2842 comoedia
266 2775 486 2843 inveniantur.
525 2776 717 2858 Priusquam
742 2780 851 2843 autem
875 2778 1008 2844 adrem
1031 2778 1229 2860 propositam
1254 2777 1346 2859 ipsa·
1362 2809 1384 2843 ι

78 2881 324 2966 aggrediamur,
355 2882 575 2964 quaerendum
605 2883 699 2950 nohis
730 2884 808 2964 erit,
840 2904 904 2966 qua
927 2868 984 2952 via
1005 2887 1110 2950 totam
1133 2885 1346 2965 quaestione
1365 2918 1384 2952 ι

78 2989 118 3054 de
141 2988 298 3055 trimetris
322 2988 526 3056 indissolutis
549 2989 768 3057 instituamus.

184 3307 442 3374 Acharnensium
474 3307 637 3387 fabulam,
672 3329 755 3390 quae
786 3308 921 3391 primam
955 3309 1049 3375 nohis
1080 3329 1116 3376 se
1148 3310 1243 3375 offert
1272 3311 1361 3395 inter

79 3414 311 3496 Aristophanis
334 3414 475 3495 fabulas,
506 3414 541 3480 111
563 3415 626 3481 hac
649 3417 857 3498 paragrapho
882 3415 987 3481 obiter
1009 3421 1259 3498 perscrutemur.
1307 3419 1353 3487 Er

78 3522 150 3585 tota
173 3538 327 3587 versuum
354 3519 621 3586 indissolutorum
644 3519 850 3588 multitudine
873 3521 947 3588 illos
971 3523 1074 3587 solum
1097 3522 1286 3604 respiciam,
1318 3545 1329 3581 c

79 3624 194 3706 quibus
225 3645 299 3692 mea
331 3624 459 3707 quidem
495 3611 662 3692 sententia
691 3625 829 3708 plurima
860 3627 941 3692 disci
971 3631 1118 3710 possunt.
1172 3629 1217 3694 Ut
1248 3631 1310 3693 aut

78 3731 235 3814 graphice
268 3731 335 3798 tria
368 3731 426 3797 illa
460 3731 679 3798 trimetrorum
714 3751 837 3815 genera
872 3733 1088 3816 distinguam,
1122 3733 1155 3798 in
1189 3737 1262 3800 tota
1295 3736 1306 3800 l

79 3837 270 3918 quaestione
308 3856 428 3902 unam
468 3841 720 3920 anteponam
763 3839 986 3905 stellulam
1027 3839 1228 3906 versibus
1267 3843 1303 3905 tr

78 3942 207 4026 gicis,
246 3943 349 4008 duas
384 3943 593 4009 1111111111
628 3943 830 4012 versibus
869 3944 1060 4025 comicis;
1097 3944 1301 4010 indissolr

79 4051 178 4115 sunt
201 4067 341 4115 omnes
365 4048 518 4130 quihus
542 4049 651 4115 nihil
674 4048 916 4132 praefixum
939 4054 1015 4116 est.

184 4155 400 4237 Inspiciamus
430 4156 691 4222 Achamonsium
721 4157 906 4238 prologum:
941 4156 1110 4238 inprimis
1135 4154 1176 4222 16
1207 4157 1294 4223 versi

78 4279 163 4328 unus
185 4261 282 4344 inest,
306 4261 361 4344 qui
383 4262 506 4328 nullum
530 4261 677 4328 continet
700 4263 814 4344 pedem
838 4263 987 4343 solutum,
1010 4281 1142 4330 versum
1165 4263 1236 4329 dico
1261 4262 1273 4327 i

238 4371 308 4441 πῶς
331 4365 420 4432 τοῦτ’
443 4363 553 4431 ’ἑσεισὲ
576 4391 641 4450 μου
664 4370 770 4442 δοκεῖς
792 4367 853 4454 τὴν
875 4370 1017 4452 καρδίαν
1023 4393 1037 4447 ,·
