2776 4906
646 370 863 439 ,42-

187 603 300 696 Caput
324 603 536 678 secundum:
563 596 613 676 De
636 599 806 676 trimetris
831 620 922 692 quae
945 599 982 673 in
1006 618 1139 673 scaena
1163 597 1335 689 gerantur

623 702 895 799 explicantibus.

741 829 771 904 1.

222 945 315 1010 Inter
330 943 590 1011 Acharnensium
612 957 729 1010 versus
753 955 853 1024 snpra
875 934 931 1028 (cf.
947 939 1051 1024 praef.
1068 939 1087 1027 ξ
1103 936 1139 1027 2)
1163 939 1259 1006 nobis
1282 959 1337 1004 me

116 1051 237 1118 rabiles
268 1051 332 1118 visi
360 1052 438 1117 sunt
460 1069 514 1118 vv.
537 1048 602 1115 744
615 1068 676 1130 sa,
708 1049 823 1130 quibus
854 1049 1079 1132 pauperrimus
1110 1049 1166 1114 ille
1190 1048 1337 1130 Megara]

115 1160 209 1224 homo
234 1177 306 1224 cnm
328 1157 403 1224 filiis
426 1159 497 1224 tum
520 1155 762 1239 spectatoribus
793 1155 937 1238 explicat
964 1156 1139 1222 mutandas
1167 1155 1243 1221 illas
1267 1168 1337 1220 esse

115 1266 239 1348 figuras
270 1265 483 1347 porculorum.
536 1265 700 1348 Quattuor
730 1263 786 1328 isti
816 1281 933 1330 versus
965 1263 1180 1329 solutionibus
1212 1281 1337 1329 caruem

116 1372 189 1455 Qua
218 1391 297 1440 vero
329 1371 370 1437 de
400 1390 501 1438 causa
530 1370 673 1436 rusticus
703 1369 760 1436 ille
790 1371 883 1435 homo
919 1371 988 1436 tam
1018 1369 1171 1452 expolitis
1206 1369 1312 1434 utitur

116 1478 254 1544 metris?
322 1479 427 1545 Poeta
471 1479 557 1544 hanc
602 1478 900 1559 metamorphoseos
947 1476 1100 1542 insolitae
1147 1475 1337 1558 explicatior

116 1585 232 1651 altiore
264 1604 343 1651 sono
374 1584 508 1652 recitari
538 1583 643 1652 voluit
674 1583 864 1664 adiuvitque
894 1583 1089 1651 recitantem
1119 1582 1275 1666 graviore
1304 1601 1334 1646 m

116 1711 257 1759 rnoessu.

223 1798 338 1864 Obiter
368 1817 468 1880 supra
497 1797 518 1863 l.
541 1797 562 1864 l.
585 1797 680 1864 nobis
710 1796 958 1878 quaerentibus,
975 1797 1008 1862 in
1033 1795 1294 1862 Acharnensium
1326 1795 1337 1859 i

116 1905 229 1971 fabula
252 1904 371 1971 similia
393 1907 614 1970 occurrerunt.
659 1903 868 1987 Dicaeopolis
887 1903 1082 1986 Amphitheo
1106 1923 1190 1984 quae
1214 1903 1244 1968 ei
1269 1922 1337 1986 age:

115 2012 183 2078 sint
213 2012 365 2094 explicat.
417 2011 589 2078 Trimetris
618 2010 690 2077 fere
719 2011 923 2078 indissolntis
953 2009 1058 2076 utitur
1091 2008 1147 2096 (ci.
1171 2031 1225 2079 vv.
1249 2007 1316 2075 130

117 2121 214 2198 atque
238 2118 287 2184 ita
310 2117 513 2184 auditoribus
535 2117 640 2200 ipsius
663 2117 797 2184 fabulae
821 2116 1006 2201 argumenti
1028 2120 1155 2199 partem
1171 2116 1337 2183 communi

115 2225 330 2308 Amphitheus
362 2243 398 2291 se
430 2223 655 2308 aufugiturum
685 2243 759 2292 esse
789 2224 916 2291 fatetur
944 2243 1043 2292 versu
1066 2223 1261 2290 indissoluto
1293 2222 1337 2310 (at

114 2331 308 2397 Nicarohum
352 2331 482 2413 prodire
520 2331 727 2414 Dicaeopolis
770 2350 869 2398 versu
906 2330 1100 2396 indissoluto
1139 2335 1255 2396 narrat
1293 2330 1337 2416 (a

114 2436 238 2504 Eodem
272 2436 366 2503 modo
405 2434 521 2503 chorus
560 2438 708 2503 nuntium
747 2437 1022 2520 appropinquare,
1060 2437 1218 2504 Lamaohi
1254 2437 1337 2503 famo

115 2543 277 2608 dominum
299 2543 432 2608 iamiam
455 2543 623 2626 apportari
646 2547 863 2627 spectatores
883 2544 979 2609 docet
1008 2543 1159 2610 versibus
1190 2543 1337 2610 indissob

115 2646 216 2734 (1069
233 2669 268 2729 s,
292 2645 403 2734 1189).
477 2674 480 2678 ⁴

220 2756 318 2822 Tales
349 2774 465 2823 versus
495 2755 648 2838 graviore
678 2757 821 2839 pondere
850 2756 985 2822 recitari
1015 2775 1069 2823 res
1099 2756 1174 2840 ipsa
1188 2781 1189 2784 ¹
1203 2758 1337 2839 postula

114 2881 174 2927 nec
212 2861 339 2945 indigni
376 2864 470 2944 sunt,
513 2861 568 2943 qni
606 2862 754 2929 adhibita
791 2863 1008 2946 exemplorum
1051 2864 1149 2946 larga
1186 2863 1337 2931 multitud

115 2968 300 3035 accuratius
325 2967 462 3034 anobis
486 2967 742 3035 considerentur.

738 3181 769 3249 2.

220 3288 385 3370 Suspenso
409 3292 498 3355 certe
523 3289 629 3355 animo
654 3293 859 3372 spectatores
883 3291 1013 3356 chorum
1038 3293 1286 3374 exspectabant,
1316 3314 1337 3376 q

113 3399 283 3478 poetarum
306 3394 472 3478 ingenium
495 3395 530 3462 in
553 3397 615 3462 hac
637 3416 673 3462 re
696 3395 871 3479 praecipue
895 3397 1086 3478 elaborarit,
1116 3401 1153 3464 ut
1175 3417 1281 3466 novas
1304 3402 1337 3465 oh

113 3501 234 3568 termas
250 3498 481 3586 inducerentff)
516 3501 610 3586 Quod
626 3501 753 3584 quidem
769 3501 891 3570 attinet
907 3503 949 3570 ad
964 3503 1225 3586 Aristophanem,
1245 3504 1337 3572 viden

113 3607 241 3674 eumin
265 3606 405 3674 fabulae·
421 3606 480 3673 illa
502 3611 607 3690 parte,
632 3626 715 3689 quae
740 3608 829 3674 chori
851 3608 1008 3693 parotium
1030 3610 1207 3692 praecedit,
1231 3610 1271 3676 de
1295 3611 1337 3677 cb

26 3802 28 3806 Ι
112 3732 238 3795 quoque
269 3713 375 3794 qualis
406 3712 451 3779 sit
480 3713 651 3795 loquentes
683 3713 795 3781 facero
825 3733 1001 3797 personas,
1031 3714 1095 3781 nisi
1126 3715 1227 3797 quod,
1259 3715 1287 3782 si
1317 3717 1337 3783 c'

111 3823 226 3886 reatae
260 3820 386 3887 vultum
420 3818 635 3887 cottidianum
669 3840 735 3887 non
768 3822 934 3888 exuebant
967 3839 1073 3904 neque
1107 3826 1144 3890 ut
1178 3822 1218 3888 de
1250 3823 1336 3888 Aroh

110 3923 277 4004 nensibus,
300 3924 355 4006 qui
378 3928 501 4006 essent,
524 3927 723 3993 narrandum
746 3929 828 4008 erat,
851 3928 951 4009 poeta
972 3927 1127 3995 videlicet
1150 3928 1190 3994 de
1213 3929 1337 3995 choror

110 4031 214 4096 multa
244 4031 347 4098 verba
381 4029 480 4112 facit,
513 4030 548 4096 id
578 4033 664 4112 quod
697 4032 732 4098 in
762 4032 840 4116 Lys.
872 4034 1001 4100 Thesm.
1032 4034 1120 4101 Eccl.
1150 4033 1240 4099 Plnti
1270 4033 1337 4101 fabr

111 4136 281 4203 observari
307 4139 427 4219 potest.
472 4137 526 4203 Ex
556 4138 672 4219 quibus
704 4158 775 4204 cum
798 4138 869 4206 fere
893 4140 1021 4205 omnino
1052 4159 1117 4205 non
1147 4140 1192 4206 sit
1223 4139 1308 4221 quod

110 4242 215 4325 possit
238 4241 361 4323 afferri,
392 4260 430 4308 eo
454 4243 559 4327 magis
583 4263 700 4312 versus
725 4245 934 4312 considerare
957 4245 1105 4326 interest,
1134 4245 1245 4328 quiin
1268 4245 1324 4312 tab

217 4417 245 4486 1)
263 4418 297 4478 of.
315 4418 384 4488 Equ.
404 4421 457 4476 520
469 4437 506 4477 as.

74 4596 150 4616 aa.
196 4620 201 4632 ¹
