2776 4906
508 365 729 436 ..37-

139 562 176 628 οὐ
198 562 315 642 δεῖνα,·
340 568 462 630 θᾶσθε
485 567 570 630 τῶδε
593 565 655 638 τοῖς
678 564 839 638 ἀπιστίας
971 564 1051 634 Aah.
1075 560 1140 628 770

140 668 176 736 οῖ
199 694 283 754 φατι
307 670 411 736 τοῖνδε
433 674 548 757 χοῖρον
570 661 662 757 ἧμιν.

141 779 268 842 ...καὶ
291 783 359 843 τῶν
381 782 517 843 θεατῶν
541 771 632 853 ὅστις
657 777 729 843 ἐστὶ
753 778 864 852 δεξιός
971 778 1053 858 Equi.
1077 775 1142 841 228

140 923 180 934 -
203 922 246 931 -
271 923 314 933 —
340 883 567 981 geilamerum

502 991 710 1066 ...παντως
732 1015 767 1074 γε
788 990 856 1075 μῆν
970 992 1054 1072 Eun.
1077 987 1142 1055 232

139 1097 387 1181 γνωσθήσεται·
412 1095 451 1160 τὸ
475 1095 536 1182 γὰρ
561 1097 710 1179 θέατρον
734 1097 856 1172 δεξιόν.

114 1207 183 1286 *τῷ
207 1203 279 1288 δῆτ’
304 1199 347 1267 οῖν
449 1203 657 1291 χρησάμενος
679 1209 840 1291 τεκμηρίῳ
970 1204 1052 1285 Equ,
1077 1199 1163 1266 1209

140 1310 278 1393 δόξαιμι
300 1315 421 1395 κρίνειν
444 1313 513 1383 τοῖς
535 1314 715 1376 θεαταῖσιν
738 1315 851 1395 σοφῶς
858 1335 870 1390 ,·

138 1419 170 1480 τῖ
194 1416 266 1502 δῆτ’
291 1415 415 1481 ἐκεῖνον
437 1415 496 1480 τὸν
523 1413 641 1501 Θαλῆν
664 1417 905 1500 θανμάζομενς
968 1417 1051 1482 Nun.
1077 1413 1142 1479 100

139 1526 194 1588 καῖ
217 1527 286 1598 τοῖς
308 1526 451 1598 θεαταῖς
472 1524 570 1609 ῥῖπτε
585 1527 651 1586 τῶν
665 1527 802 1605 κριθῶν.
818 1581 854 1587 -
871 1521 955 1591 ι’δοὺ.
971 1524 1048 1590 Pac.
1072 1520 1137 1587 902

97 1627 263 1705 ,ἔδωκας
285 1626 370 1718 ἤδης
394 1688 429 1694 -
451 1630 491 1717 νῆ
515 1629 576 1694 τὸν
595 1629 728 1716 Ἑρμῆν,
754 1622 839 1694 ῶστε
862 1655 896 1714 γε

138 1739 265 1802 τούτων
290 1731 364 1802 ὅσοι
388 1737 452 1822 περ
476 1735 542 1802 εἰσι
564 1741 629 1802 τῶν
653 1738 832 1821 θεωμένων

140 1844 197 1908 οὐκ
220 1840 311 1908 ἔστιν
335 1843 443 1919 οὐδεὶς
468 1837 558 1918 ὅστις
583 1843 620 1907 οὐ
643 1843 765 1930 κριθὴν
789 1841 866 1926 ἔχει.

404 1951 488 2035 πρὸς
510 1955 616 2016 ταῦτα
638 1951 684 2036 μῆ
708 1952 891 2035 βραδύνετε
968 1950 1057 2018 Eccl.
1083 1948 1169 2016 1110

138 2061 193 2123 καὶ
216 2063 281 2122 τῶν
304 2062 438 2122 θεατῶν
461 2058 561 2132 εἴτις
585 2053 697 2133 εὔνοος
720 2057 883 2141 τυγχάνει,

112 2165 194 2230 *καῖ
217 2170 282 2229 τῶν
304 2168 423 2250 κριτῶν
447 2161 477 2228 εῖ
497 2166 541 2249 μῆ
568 2187 616 2239 τις
640 2163 780 2250 ἑτέρωσε
803 2164 932 2248 βλέπει,

141 2274 198 2337 ἴτω
220 2271 432 2358 μεθ’·ῆμῶν·
457 2271 654 2356 πάνταγὰρ
678 2272 879 2356 παρέξομεν.

90 2399 153 2464 Sed
184 2401 265 2464 haec
295 2401 464 2464 hactenus.
516 2397 706 2478 Sufficiunt,
738 2399 851 2478 credo,
875 2399 1040 2480 exempla,
1072 2417 1113 2462 ex
1143 2395 1259 2476 quibus

36 2525 99 2572 uum
123 2506 315 2571 comicorum
339 2505 510 2571 artificium
535 2525 778 2590 cognoscamus,
823 2505 948 2570 Maiore
971 2503 1019 2570 illi
1043 2523 1121 2570 cura
1143 2492 1277 2570 versus

56 2616 255 2695 spectatores
287 2631 463 2680 conversos
494 2617 744 2695 composuerunt
775 2616 873 2693 atquc
903 2610 1093 2695 diligentius
1125 2628 1180 2675 eos
1205 2628 1259 2674 ex-

36 2718 174 2786 liverunt.

87 2967 269 3034 Insolentia
292 2968 434 3034 maxima
456 2968 568 3034 comici
591 2972 709 3050 poetae
737 2968 845 3034 omnia
867 2967 1147 3050 perstrinxerunt3
1175 2967 1261 3030 hunc

36 3132 38 3136 ,
59 3074 146 3140 illum
163 3075 381 3156 spectantium
397 3075 586 3141 nominatim
602 3076 806 3158 appellantes
824 3073 1033 3140 acerbissime
1049 3072 1260 3138 irridentibus

38 3181 129 3247 nibus
161 3181 387 3264 exagitabant.
441 3182 550 3266 Quid?
589 3202 663 3248 num
692 3182 778 3248 forte
805 3182 853 3247 illi
883 3201 1010 3263 quoque
1041 3199 1174 3260 versus,
1206 3178 1260 3261 qui

36 3287 264 3368 incontinent,
294 3289 411 3372 quippe
436 3289 490 3370 qui
515 3289 557 3355 ad
580 3292 784 3372 spectatores
808 3289 925 3356 directi
948 3289 1024 3370 sint,
1054 3287 1160 3354 forma
1183 3290 1260 3354 sunt

36 3395 207 3478 gantiore?

87 3520 169 3585 Rem
193 3520 312 3602 optime
335 3521 482 3604 intellegi
506 3541 602 3604 posse
625 3525 704 3604 puto
729 3542 769 3587 ex
792 3522 942 3590 versibus
966 3521 1033 3588 his:

97 3642 131 3679 *³¹¹
142 3645 279 3708 ἀκούετε
302 3644 383 3728 λεῴ·
405 3645 492 3709 κατὰ
516 3645 559 3708 τὰ
583 3647 711 3730 πάτρια
735 3645 812 3721 τοῖς
835 3647 918 3728 χόας
971 3647 1050 3712 Aah.
1075 3644 1162 3711 1000

98 3752 251 3814 **πίνειν
274 3750 341 3816 ὑπὸ
366 3756 424 3836 τῆς
448 3752 643 3836 σάλπιγγος·
659 3751 671 3839 ll

148 3858 834 3945 semimasculum-l
1077 3859 1164 3926 1000

141 3965 368 4054 ”wc-l
395 3958 836 4054 „—„lliig‹5’riivinatp

143 4072 339 4158 πρῶτιστος,
366 4073 473 4138 α’σκδν
495 4079 729 4161 Κτησιφῶντος
752 4074 908 4159 λήψεται.

36 4196 160 4278 siphon
197 4200 438 4283 perstringitur.
497 4192 578 4266 Post
612 4219 723 4266 vocem
760 4197 814 4281 ὃς,
855 4222 874 4267 a
909 4221 974 4282 qua
1010 4199 1124 4282 incipit
1161 4201 1261 4279 iocus

36 4311 186 4371 muerunt
224 4307 381 4372 tribrachi
420 4307 543 4390 dactyli
582 4307 754 4389 anapaesti
798 4312 896 4390 atquo
939 4307 1086 4392 graviter
1124 4311 1260 4373 metrum

36 4410 134 4477 currit.
158 4450 200 4458 —-
