2776 4906
601 376 822 447 „15-

71 575 271 641 lamentatur
294 575 388 656 quasi
411 575 610 642 Philoctetes
634 576 678 642 sit
700 576 854 642 Lemnius
879 573 936 661 (cf.
959 597 1012 643 vv.
1037 573 1124 641 1190
1143 573 1211 661 66).
1259 577 1359 641 Post

73 701 169 762 quam
192 681 427 762 substiterunt,
459 682 513 762 661
544 701 617 748 eum
643 686 793 765 portant,
824 683 929 748 denuo
960 683 1135 749 lamentari
1157 683 1273 765 incipit
1297 681 1359 747 tri·

72 788 186 854 metris
219 787 366 854 iambicis
400 787 620 869 indissolutis,
659 789 713 870 qui
748 789 821 856 aliis
860 789 972 855 metris
1011 808 1111 872 saepe
1146 789 1359 872 excipiuntur

73 894 130 979 (ci.
153 914 206 965 vv.
230 892 326 975 1204,
350 892 446 975 1214,
470 893 566 976 1218,
591 892 702 980 1222).
748 896 818 979 Quo
842 897 946 980 magis
969 915 1048 963 vero
1078 896 1207 979 tragica
1231 913 1359 962 scaena

73 1003 247 1082 nascatur,
284 999 507 1084 Dicaeopolidi
546 1021 672 1083 666666
710 1004 808 1085 poeta
842 1021 958 1070 versus
992 1001 1203 1068 indissolutos
1239 1000 1359 1070 tribuit

75 1106 171 1189 1211,
195 1105 291 1187 1213,
315 1105 411 1188 1216,
435 1105 532 1174 1220.
1380 1174 1385 1183 ,

181 1214 383 1298 Quaeramus
422 1214 548 1281 similia.
604 1216 696 1282 Bene
733 1215 827 1281 nobis
865 1218 977 1282 notum
1015 1218 1067 1280 661
1100 1216 1354 1298 Aristophanem
1382 1230 1385 1237 '

74 1320 238 1387 interdum
261 1321 446 1404 argumenti
469 1321 591 1388 exitum
613 1321 663 1388 116
685 1322 912 1404 explicavisse,
936 1322 1066 1388 611616
1089 1322 1238 1406 tragicus
1253 1322 1355 1407 fieret,

76 1429 152 1493 6616
177 1445 287 1493 omnes
312 1430 421 1493 autem
450 1428 485 1494 in
508 1428 664 1510 Equitum
686 1428 817 1511 fabula,
849 1448 945 1510 quam
975 1429 1111 1512 primam
1133 1428 1352 1511 inspiciamus

182 1553 282 1618 Vario
312 1551 378 1618 iam
407 1553 499 1619 modo
531 1555 700 1638 Paphlago
730 1554 833 1620 Demo
867 1555 1007 1637 probare
1042 1556 1179 1620 conatus
1216 1555 1290 1619 erat
1320 1572 1353 1621 66

76 1679 149 1726 6666
187 1659 342 1742 optimum
376 1659 445 1726 eius
479 1659 677 1741 ministrum,
720 1681 848 1744 semper
886 1664 996 1728 autem
1029 1660 1245 1744 Agoracritus
1284 1679 1353 1727 eum

76 1769 300 1849 superaverat.
345 1767 439 1832 Nunc
462 1766 492 1832 61
514 1766 548 1832 16
571 1771 713 1834 mentem
735 1767 828 1836 venit
858 1768 989 1834 oraculo
1021 1767 1159 1848 quodam
1187 1766 1280 1832 illum
1303 1767 1352 1833 de·

76 1871 231 1954 scriptum
256 1891 339 1954 esse,
363 1892 383 1938 6
407 1892 468 1954 666
493 1873 561 1939 6616
586 1875 735 1957 superari
757 1874 878 1958 possit3
901 1874 977 1940 inde
993 1878 1172 1940 extremum
1189 1873 1353 1956 experitur

77 1978 247 2044 auxilium:
435 1961 439 1967 ’

238 2083 276 2148 οὐ
300 2084 371 2168 δῆτ’
396 2084 474 2149 ἐπεί
493 2108 550 2167 μοι
573 2086 721 2174 χρησμός
744 2086 816 2151 ἔστι
838 2085 984 2161 ποθικὸς
1056 2085 1141 2152 1229

238 2191 385 2276 φράζων,
408 2190 465 2276 ὑφ’
483 2182 522 2255 οἷΙ
538 2190 648 2279 'depos
670 2191 704 2274 μ’
720 2191 895 2277 ἡττᾶσθαι
917 2193 1033 2276 μόνου.

236 2317 293 2379 καὶ
314 2315 381 2403 μήν
404 2315 564 2399 σ’ὲλέγξαι
586 2316 750 2399 βούλομαι
772 2322 931 2403 τεκμηρίῳ
1054 2316 1140 2383 1232
1169 2399 1173 2408 Ι

239 2423 275 2487 εἴ
290 2446 322 2487 τι
345 2426 506 2511 ξυνοίσεις
528 2427 589 2488 τοῦ
611 2425 698 2488 θεοῦ
720 2427 789 2498 τοῖς
812 2423 1010 2508 θεσφάτοις.

237 2534 297 2594 καί
317 2549 379 2594 σου
401 2533 543 2595 τοσοῦτο
567 2534 701 2614 πρῶτον
724 2528 983 2616 ἐκπειράσομαι·

239 2639 320 2711 παῖς
343 2633 387 2701 ὢν
410 2635 547 2721 ἐφοίτας
570 2635 605 2701 ἐκ
627 2642 716 2712 τίνος
739 2635 963 2717 διδασκάλους
986 2636 1088 2706 aad.

79 2765 151 2830 Hoc
187 2763 258 2846 ipso
298 2765 428 2830 oraculo
458 2760 678 2846 ‘Agoracritus
716 2763 828 2830 vincit.
883 2764 1053 2847 Paphlago
1093 2767 1218 2844 autern,
1257 2765 1362 2836 done

80 2872 260 2954 desperans
285 2870 442 2950 concidit,
472 2889 588 2937 versus
619 2870 741 2936 recitat
764 2868 805 2935 13
836 2889 986 2951 numero,
1018 2889 1152 2952 quorum
1174 2870 1360 2941 indissolut

81 2975 211 3058 66617,
235 2977 354 3060 tragici
377 2979 407 3058 4,
431 2977 543 3042 comici
567 2975 802 3057 2161616666
826 2995 942 3043 versus
963 2975 993 3058 4,
1018 2995 1151 3058 quorum
1174 2976 1355 3047 indissolut

81 3083 212 3167 66612,
236 3084 348 3150 comici
371 3082 401 3150 2.

187 3207 354 3274 Neminem
385 3227 459 3274 esse
486 3211 564 3290 puto
596 3207 651 3288 qui
680 3210 781 3290 neget
804 3210 934 3288 poetam
957 3206 1160 3272 indissolutis
1193 3226 1273 3287 quos
1303 3229 1308 3271 ι

81 3315 224 3382 hibuerit
261 3314 418 3380 trimetris
461 3334 540 3381 vere
582 3314 744 3396 tragicam
787 3315 872 3379 banc
914 3313 1047 3379 fabulae
1090 3332 1243 3380 scaenam
1286 3332 1303 3379 c

82 3421 252 3488 formasse.
276 3458 312 3468 -

188 3547 285 3612 Pacis
309 3545 426 3611 deinde
450 3546 587 3611 exodum
607 3545 857 3614 consideremus
896 3545 1067 3610 Armorum
1091 3544 1233 3610 artifices
1249 3563 1300 3611 ver

83 3657 247 3736 16166666,
277 3656 450 3734 postquam
472 3672 540 3734 pax
562 3651 655 3718 16616
677 3655 745 3732 661,
776 3651 928 3717 66661661
953 3670 1014 3732 666
1039 3651 1162 3719 victum
1185 3671 1298 3732 quaere

85 3760 298 3842 desperantes
339 3759 374 3824 in
412 3778 564 3825 scaenam
602 3759 764 3841 prodeunt
800 3759 1086 3838 lamentanturque
1124 3757 1296 3823 miserabili

84 3868 208 3933 Versus
246 3865 440 3948 inspiciendi
475 3869 552 3931 6661
587 3863 823 3945 1210-1264,
859 3883 992 3944 quorum
1029 3863 1094 3930 illis
1133 3864 1247 3930 tributi
1285 3882 1293 3930 ι

84 3994 200 4040 versus
226 3973 267 4039 18
291 3993 432 4053 numero,
455 3973 568 4039 indiss.
593 3971 643 4054 12,
667 3977 751 4055 trag.
776 3970 805 4052 3,
830 3990 908 4037 com.
932 3969 961 4036 3.
988 4009 1024 4017 —

191 4101 231 4165 In
265 4099 475 4182 Lysistratae
513 4098 628 4164 fabula
662 4096 912 4163 Lacedaemonii
946 4101 980 4162 et
1014 4095 1233 4162 Athenienses

85 4205 257 4272 faciendae
282 4224 383 4270 causa
406 4204 612 4272 conveniunt.
666 4204 746 4269 Dolo
778 4205 877 4284 61666
910 4202 1038 4268 insidiis
1072 4201 1240 4268 mulierum

86 4313 292 4379 dissimarum
316 4315 491 4395 cogentum
516 4311 676 4378 desiderio
700 4310 828 4376 illarum
852 4309 922 4375 fere
939 4309 1081 4375 confecti
1096 4312 1181 4375 6661.
1214 4309 1243 4374 V

87 4423 196 4485 autem
227 4418 359 4484 miseria
389 4417 560 4484 ridiculum
589 4418 623 4482 in
654 4418 782 4483 modum
813 4437 832 4481 a
863 4417 959 4482 choro
992 4413 1148 4498 συμφορά
1181 4433 1240 4479 666
