2776 4906
616 345 832 412 -34-

88 544 216 610 omnino
241 564 304 610 non
329 545 455 610 solutos
478 542 687 624 inspeximus
712 541 766 620 qui
789 558 854 605 nou
877 539 1014 605 fortuito
1038 538 1097 605 sed
1120 539 1211 605 certo
1228 534 1368 618 quodam

88 652 221 717 consilio
246 650 402 716 trimetris
426 650 508 715 artis
532 648 664 715 minoris
688 647 805 714 inserti
828 650 939 725 erant,
970 649 1069 726 atque
1092 644 1178 710 falso
1202 641 1368 708 iudicasse

88 780 169 840 eum,
193 760 247 840 qui
262 758 424 840 Rumpelii
447 758 537 824 uisus
562 756 803 838 comparatione
827 753 872 839 (v.
888 776 941 838 pg.
954 753 989 840 7)
1006 753 1239 836 Aristophanis
1264 754 1367 816 artem

49 879 51 883 ’
89 866 254 932 metricam
288 865 542 947 vituperaverit,
575 865 640 930 iam
675 883 760 928 nunc
795 862 943 944 intellegi
977 865 1096 944 potest.
1149 861 1302 944 Quonam
1333 877 1368 923 se

89 973 284 1039 abdiderunt
311 972 488 1038 solutiones
520 976 554 1038 et
577 971 750 1053 anapaesti
774 969 905 1053 cyclici,
936 988 1069 1050 quorum
1092 968 1147 1034 ille
1170 968 1205 1033 in
1226 964 1368 1048 singulis

89 1080 158 1146 fere
181 1080 331 1146 versibus
356 1079 501 1162 singulos
525 1079 608 1144 dixit
630 1078 764 1144 inesse?

137 1224 139 1233 ι
194 1186 299 1252 Velim
330 1185 477 1266 quaestio
500 1185 655 1251 instituta
683 1205 721 1252 eo
753 1204 812 1251 uos
844 1185 959 1263 ducat,
994 1187 1030 1248 ut
1060 1184 1156 1265 paulo
1180 1181 1307 1248 rectius
1331 1200 1371 1247 ac

88 1294 205 1360 iustius
238 1295 277 1358 de
309 1293 501 1359 comicorum
537 1296 608 1358 arte
642 1293 778 1358 metrica
809 1293 997 1358 iudicemus.
1050 1291 1255 1376 Tragoedias
1289 1308 1371 1354 sane

90 1401 291 1467 sollemnitas
316 1403 350 1466 et
365 1403 590 1484 argumentum
607 1400 784 1482 postulant,
807 1403 844 1465 ut
859 1399 1008 1482 graviter
1023 1398 1214 1480 placideque
1230 1402 1372 1464 metrum

89 1508 259 1574 iambicum
297 1508 445 1587 incedat,
484 1507 650 1574 rarissime
689 1507 849 1590 agitatum
889 1505 1112 1572 solutionibus.
1169 1505 1255 1589 Quid
1293 1523 1373 1572 vero

90 1613 256 1696 Euripidis
295 1614 432 1696 Cyclops
471 1614 589 1680 docet?
649 1615 719 1680 Iam
756 1614 870 1679 audias
905 1613 944 1679 G.
967 1614 1207 1692 Hermannum‚
1245 1611 1304 1694 qui
1339 1611 1375 1677 in

89 1720 192 1803 praef.
221 1721 263 1786 ad
285 1721 363 1786 Eur.
388 1721 474 1803 Cycl.
498 1739 550 1804 pg.
573 1722 655 1787 XIV
684 1723 769 1787 hauc
798 1722 905 1804 legem
936 1723 1144 1788 observatam
1175 1740 1249 1787 esse
1283 1719 1376 1802 dicit,

93 1833 149 1911 „ut
178 1826 377 1910 tragicorum
409 1847 621 1910 personarum
652 1828 757 1894 oratio
788 1827 868 1893 nihil
896 1829 938 1893 ab
967 1827 1145 1894 severitate
1168 1827 1375 1911 tragicorum

90 1954 293 2000 numerorum
317 1935 479 2015 discedat,
510 1955 594 2016 quae
618 1938 727 2000 autem
750 1935 856 2018 satyri
879 1934 1064 2016 similesque
1088 1937 1276 2018 satyrorum
1300 1953 1376 2016 per·

91 2061 191 2108 sonae
214 2043 401 2122 loquuntur,
424 2042 458 2106 in
481 2042 522 2108 iis
546 2045 579 2106 et
594 2043 713 2126 longae
817 2041 921 2122 quinti
944 2041 1035 2124 pedis
1060 2042 1209 2125 syllabae
1233 2046 1270 2107 et
1294 2060 1377 2108 ana·

91 2151 205 2230 paesto
242 2149 332 2214 locus
368 2149 594 2214 coucedatur.“
650 2148 760 2232 Quid?
798 2149 973 2215 licentiane
1005 2148 1085 2229 fuit,
1116 2169 1212 2230 quam
1243 2148 1280 2214 in
1312 2150 1377 2214 hac

91 2255 205 2320 fabula
255 2256 475 2336 componenda
521 2255 711 2337 Euripides,
764 2257 1002 2339 Aristophanes
1056 2256 1089 2322 in
1140 2255 1376 2338 componendis

92 2361 264 2427 comoediis
289 2361 351 2426 sibi
374 2362 604 2427 indulserunt?
649 2364 750 2428 Immo
774 2363 963 2445 postulabat
993 2363 1101 2445 poesis
1126 2363 1251 2429 comica
1274 2363 1375 2430 istam

91 2468 295 2548 varietatem,
324 2488 420 2548 quam
443 2468 550 2550 rigida
572 2470 744 2553 tragoedia
767 2470 968 2552 repudiavit;
996 2489 1132 2536 necesse
1155 2474 1207 2537 est
1231 2470 1375 2537 comicos

91 2575 185 2639 modo
224 2574 272 2639 uti
309 2575 459 2640 versibus
495 2576 750 2642 accuratissimis
788 2577 882 2641 modo
921 2577 1105 2659 discinctis,
1143 2581 1180 2643 ut
1215 2577 1375 2646 eveniant

91 2681 176 2748 varii
211 2681 327 2747 coloris
360 2682 437 2747 illae
473 2683 721 2764 compositiones
752 2683 913 2750 iucundae
948 2687 1046 2765 atque
1080 2684 1229 2766 vivaces,
1270 2705 1376 2767 neque

92 2788 294 2870 Rumpelium
317 2788 422 2870 ipsum
446 2788 652 2855 desiderasse
679 2793 757 2872 puto
781 2791 963 2856 comoedias
987 2791 1168 2873 Sophoclea
1199 2795 1275 2858 arte
1301 2811 1375 2859 con·

93 2895 243 2976 scriptas.

198 3002 378 3083 Pergamus
401 3001 503 3084 igitur
525 3003 558 3068 in
581 3004 758 3069 tractanda
788 3003 979 3071 comicorum
1008 3008 1080 3071 arte
1103 3005 1257 3085 metrica,
1292 3024 1377 3087 quac

93 3126 165 3173 mea
188 3107 316 3188 quidem
339 3107 489 3190 opinione
513 3129 576 3175 uon
600 3110 705 3177 minus
730 3110 858 3176 subtilis
889 3114 942 3176 est
965 3130 1061 3192 quarn
1083 3111 1142 3178 illa
1163 3112 1377 3196 tragicorum.

93 3215 191 3279 Immo
223 3233 288 3294 qua
318 3214 489 3298 diligentia
520 3216 615 3282 metri
638 3217 834 3284 varietatem
862 3219 1089 3298 excoluerunt,
1120 3219 1208 3285 inter
1231 3219 1377 3287 virtutes

93 3321 294 3386 numeranda
317 3325 369 3387 est
391 3320 598 3406 poetarum.¹)
701 3352 705 3357 ·

200 3534 228 3599 1)
248 3535 387 3590 cumillis
406 3551 474 3603 quae
492 3537 667 3591 Hermannus
685 3537 702 3591 l.
723 3538 740 3591 l.
760 3537 904 3595 adnotavit
928 3555 1024 3595 versus
1049 3555 1188 3609 compares
1207 3540 1332 3610 Scythas
1351 3541 1380 3599 l!

93 3623 199 3680 Thesm.
219 3623 306 3677 exodo
325 3624 454 3680 tributos.
486 3625 538 3693 Qui
557 3641 617 3679 cum
635 3631 692 3679 tam
710 3626 780 3680 male
798 3627 925 3694 loquatur
938 3627 1040 3697 Attice,
1059 3634 1146 3686 metro
1165 3645 1276 3697 quoque
1288 3629 1379 3686 utitur

92 3708 246 3780 leuissimo,
274 3711 359 3765 utin
384 3713 462 3768 nonis
489 3713 614 3769 versibus
642 3715 727 3769 denus
755 3715 903 3772 solutiones
931 3717 1092 3772 committat.
1135 3717 1197 3772 Hoc
1226 3717 1381 3777 artificium

93 3798 203 3854 aliunde
223 3799 289 3854 mihi
308 3803 403 3855 uotum
421 3817 477 3856 non
496 3807 546 3858 est.
