<?xml version="1.0" encoding="UTF-8"?>
<!DOCTYPE html PUBLIC "-//W3C//DTD XHTML 1.0 Transitional//EN"
    "http://www.w3.org/TR/xhtml1/DTD/xhtml1-transitional.dtd">
<html xmlns="http://www.w3.org/1999/xhtml" xml:lang="en" lang="en">
 <head>
  <title>
</title>
<meta http-equiv="Content-Type" content="text/html;charset=utf-8" />
  <meta name='ocr-system' content='tesseract 3.04.00' />
  <meta name='ocr-capabilities' content='ocr_page ocr_carea ocr_par ocr_line ocrx_word'/>
</head>
<body>
  <div class='ocr_page' id='page_1' title='image "./dearistophanist00klaugoog_0091.png"; bbox 0 0 2776 4906; ppageno 0'>
   <div class='ocr_carea' id='block_1_1' title="bbox 587 340 805 410">
    <p class='ocr_par' dir='ltr' id='par_1_1' title="bbox 587 340 805 410">
     <span class='ocr_line' id='line_1_1' title="bbox 587 340 805 410; baseline -0.018 -14"><span class='ocrx_word' id='word_1_1' title='bbox 587 340 805 410; x_wconf 79' lang='grc'>..77-</span> 
     </span>
    </p>
   </div>
   <div class='ocr_carea' id='block_1_2' title="bbox 41 532 1337 2839">
    <p class='ocr_par' dir='ltr' id='par_1_2' title="bbox 41 532 1337 2839">
     <span class='ocr_line' id='line_1_2' title="bbox 41 532 1337 622; baseline -0.004 -17"><span class='ocrx_word' id='word_1_2' title='bbox 41 540 274 622; x_wconf 88' lang='lat' dir='ltr'><strong>indissolutis,</strong></span> <span class='ocrx_word' id='word_1_3' title='bbox 310 541 364 622; x_wconf 88' lang='lat' dir='ltr'><strong>qui</strong></span> <span class='ocrx_word' id='word_1_4' title='bbox 399 540 495 607; x_wconf 90' lang='lat' dir='ltr'><strong>meris</strong></span> <span class='ocrx_word' id='word_1_5' title='bbox 531 561 571 606; x_wconf 83' lang='lat' dir='ltr'><strong>ex</strong></span> <span class='ocrx_word' id='word_1_6' title='bbox 601 538 717 606; x_wconf 80' lang='lat' dir='ltr'><strong>iambis</strong></span> <span class='ocrx_word' id='word_1_7' title='bbox 754 537 923 620; x_wconf 79' lang='lat' dir='ltr'>compositi</span> <span class='ocrx_word' id='word_1_8' title='bbox 954 532 1076 622; x_wconf 82' lang='lat' dir='ltr'><strong>sunt,1)</strong></span> <span class='ocrx_word' id='word_1_9' title='bbox 1111 539 1148 602; x_wconf 92' lang='lat' dir='ltr'><strong>ut</strong></span> <span class='ocrx_word' id='word_1_10' title='bbox 1181 534 1337 620; x_wconf 78' lang='lat' dir='ltr'><strong>graphice</strong></span> 
     </span>
     <span class='ocr_line' id='line_1_3' title="bbox 44 645 860 735; baseline -0.001 -22"><span class='ocrx_word' id='word_1_11' title='bbox 44 649 236 735; x_wconf 75' lang='lat' dir='ltr'><strong>depingant</strong></span> <span class='ocrx_word' id='word_1_12' title='bbox 259 648 505 715; x_wconf 79' lang='lat' dir='ltr'><strong>festinationem</strong></span> <span class='ocrx_word' id='word_1_13' title='bbox 529 667 568 713; x_wconf 89' lang='lat' dir='ltr'><strong>ao</strong></span> <span class='ocrx_word' id='word_1_14' title='bbox 591 645 860 729; x_wconf 83' lang='lat' dir='ltr'><strong>properationem.</strong></span> 
     </span>
     <span class='ocr_line' id='line_1_4' title="bbox 165 772 1126 859; baseline -0.007 -19"><span class='ocrx_word' id='word_1_15' title='bbox 165 774 325 856; x_wconf 84' lang='lat' dir='ltr'><strong>Exempla</strong></span> <span class='ocrx_word' id='word_1_16' title='bbox 347 772 459 840; x_wconf 90' lang='lat' dir='ltr'><strong>inveni</strong></span> <span class='ocrx_word' id='word_1_17' title='bbox 482 774 579 838; x_wconf 83' lang='lat' dir='ltr'><strong>haee:</strong></span> <span class='ocrx_word' id='word_1_18' title='bbox 1123 853 1126 859; x_wconf 19' lang='grc'>1</span> 
     </span>
     <span class='ocr_line' id='line_1_5' title="bbox 219 891 1217 983; baseline -0.003 -22"><span class='ocrx_word' id='word_1_19' title='bbox 219 897 306 983; x_wconf 86' lang='grc' dir='ltr'><strong><em>ἀτάρ</em></strong></span> <span class='ocrx_word' id='word_1_20' title='bbox 329 898 462 981; x_wconf 74' lang='grc' dir='ltr'><strong><em>μέτειμί</em></strong></span> <span class='ocrx_word' id='word_1_21' title='bbox 481 895 507 978; x_wconf 87' lang='grc' dir='ltr'><strong>γ’</strong></span> <span class='ocrx_word' id='word_1_22' title='bbox 531 895 649 959; x_wconf 84' lang='grc' dir='ltr'><strong><em>αὐτὸν·</em></strong></span> <span class='ocrx_word' id='word_1_23' title='bbox 673 891 715 978; x_wconf 79' lang='grc' dir='ltr'><strong>ἢν</strong></span> <span class='ocrx_word' id='word_1_24' title='bbox 738 893 776 959; x_wconf 81' lang='grc' dir='ltr'><strong>δὲ</strong></span> <span class='ocrx_word' id='word_1_25' title='bbox 798 894 843 977; x_wconf 79' lang='grc' dir='ltr'><em>μή</em></span> <span class='ocrx_word' id='word_1_26' title='bbox 870 892 957 979; x_wconf 76' lang='grc' dir='ltr'><strong><em>θέλῃ</em></strong></span> <span class='ocrx_word' id='word_1_27' title='bbox 974 946 981 962; x_wconf 93' lang='grc'><strong>.</strong></span> <span class='ocrx_word' id='word_1_28' title='bbox 997 944 1029 961; x_wconf 93' lang='grc'><strong>..</strong></span> <span class='ocrx_word' id='word_1_29' title='bbox 1052 895 1134 960; x_wconf 88' lang='lat' dir='ltr'><strong>Nub.</strong></span> <span class='ocrx_word' id='word_1_30' title='bbox 1158 892 1217 958; x_wconf 81' lang='lat'><strong>801</strong></span> 
     </span>
     <span class='ocr_line' id='line_1_6' title="bbox 219 998 1202 1086; baseline -0.003 -19"><span class='ocrx_word' id='word_1_31' title='bbox 219 1002 354 1070; x_wconf 82' lang='grc' dir='ltr'><strong><em>ἄπελθε</em></strong></span> <span class='ocrx_word' id='word_1_32' title='bbox 377 1005 509 1068; x_wconf 83' lang='grc' dir='ltr'><strong><em>τουτονὶ</em></strong></span> <span class='ocrx_word' id='word_1_33' title='bbox 531 1001 654 1086; x_wconf 80' lang='grc' dir='ltr'><strong><em>λαβών.</em></strong></span> <span class='ocrx_word' id='word_1_34' title='bbox 679 1059 712 1064; x_wconf 78' lang='grc'>-</span> <span class='ocrx_word' id='word_1_35' title='bbox 736 1001 938 1086; x_wconf 81' lang='grc' dir='ltr'><strong><em>ἀπέρχομαι,</em></strong></span> <span class='ocrx_word' id='word_1_36' title='bbox 1052 998 1202 1068; x_wconf 69' lang='grc' dir='ltr'><strong>Αν.’948</strong></span> 
     </span>
     <span class='ocr_line' id='line_1_7' title="bbox 220 1104 1240 1191; baseline -0.005 -15"><span class='ocrx_word' id='word_1_37' title='bbox 220 1110 332 1178; x_wconf 83' lang='grc' dir='ltr'><strong><em>ἄπεισ’</em></strong></span> <span class='ocrx_word' id='word_1_38' title='bbox 355 1104 503 1184; x_wconf 69' lang='grc' dir='ltr'><strong><em>ἕκαστος.</em></strong></span> <span class='ocrx_word' id='word_1_39' title='bbox 527 1167 562 1172; x_wconf 77' lang='grc'>-</span> <span class='ocrx_word' id='word_1_40' title='bbox 586 1107 657 1172; x_wconf 78' lang='grc' dir='ltr'><strong><em>ἀλλ’</em></strong></span> <span class='ocrx_word' id='word_1_41' title='bbox 682 1108 781 1190; x_wconf 83' lang='grc' dir='ltr'><strong><em>ἴωμεν</em></strong></span> <span class='ocrx_word' id='word_1_42' title='bbox 804 1107 846 1182; x_wconf 80' lang='grc' dir='ltr'><strong>ὥς</strong></span> <span class='ocrx_word' id='word_1_43' title='bbox 868 1105 981 1189; x_wconf 86' lang='grc' dir='ltr'><strong><em>τάχος.</em></strong></span> <span class='ocrx_word' id='word_1_44' title='bbox 1053 1109 1130 1191; x_wconf 81' lang='lat' dir='ltr'><strong>Lys.</strong></span> <span class='ocrx_word' id='word_1_45' title='bbox 1155 1106 1240 1172; x_wconf 78' lang='lat'>1187</span> 
     </span>
     <span class='ocr_line' id='line_1_8' title="bbox 219 1211 1229 1303; baseline -0.003 -21"><span class='ocrx_word' id='word_1_46' title='bbox 219 1218 280 1303; x_wconf 81' lang='grc' dir='ltr'><strong>ε’γώ</strong></span> <span class='ocrx_word' id='word_1_47' title='bbox 304 1218 421 1284; x_wconf 76' lang='grc' dir='ltr'><strong><em>δὲκαὶ</em></strong></span> <span class='ocrx_word' id='word_1_48' title='bbox 446 1217 487 1281; x_wconf 84' lang='grc' dir='ltr'><strong>σύ</strong></span> <span class='ocrx_word' id='word_1_49' title='bbox 510 1215 536 1299; x_wconf 71' lang='grc' dir='ltr'><strong>γ’</strong></span> <span class='ocrx_word' id='word_1_50' title='bbox 560 1217 602 1290; x_wconf 81' lang='grc' dir='ltr'><strong>ὠς</strong></span> <span class='ocrx_word' id='word_1_51' title='bbox 624 1216 770 1298; x_wconf 86' lang='grc' dir='ltr'><strong><em>τάχιστα</em></strong></span> <span class='ocrx_word' id='word_1_52' title='bbox 793 1213 961 1279; x_wconf 79' lang='grc' dir='ltr'><strong><em>τὸνθεόν</em></strong></span> <span class='ocrx_word' id='word_1_53' title='bbox 1054 1215 1139 1282; x_wconf 87' lang='lat' dir='ltr'><strong>Plut.</strong></span> <span class='ocrx_word' id='word_1_54' title='bbox 1164 1211 1229 1279; x_wconf 80' lang='lat'><strong>620</strong></span> 
     </span>
     <span class='ocr_line' id='line_1_9' title="bbox 193 1319 948 1410; baseline -0.009 -19"><span class='ocrx_word' id='word_1_55' title='bbox 193 1323 501 1410; x_wconf 77' lang='grc' dir='ltr'><strong><em>*ἐγκατακλινοῦντ’</em></strong></span> <span class='ocrx_word' id='word_1_56' title='bbox 526 1321 654 1407; x_wconf 90' lang='grc' dir='ltr'><strong><em>ἄγωμεν</em></strong></span> <span class='ocrx_word' id='word_1_57' title='bbox 677 1319 723 1396; x_wconf 82' lang='grc' dir='ltr'><strong>εἰς</strong></span> <span class='ocrx_word' id='word_1_58' title='bbox 742 1320 948 1408; x_wconf 76' lang='grc' dir='ltr'><strong><em>Ἀσκληπίοο.</em></strong></span> 
     </span>
     <span class='ocr_line' id='line_1_10' title="bbox 220 1426 1247 1518; baseline -0.006 -20"><span class='ocrx_word' id='word_1_59' title='bbox 220 1431 373 1518; x_wconf 78' lang='grc' dir='ltr'><strong><em>λάβεσθέ</em></strong></span> <span class='ocrx_word' id='word_1_60' title='bbox 394 1454 471 1513; x_wconf 90' lang='grc' dir='ltr'><strong><em>μοο,</em></strong></span> <span class='ocrx_word' id='word_1_61' title='bbox 495 1430 648 1514; x_wconf 77' lang='grc' dir='ltr'><strong><em>λάβεσθε</em></strong></span> <span class='ocrx_word' id='word_1_62' title='bbox 670 1432 730 1493; x_wconf 85' lang='grc' dir='ltr'><strong>τοῦ</strong></span> <span class='ocrx_word' id='word_1_63' title='bbox 756 1427 891 1503; x_wconf 79' lang='grc' dir='ltr'><strong><em>σκέλους</em></strong></span> <span class='ocrx_word' id='word_1_64' title='bbox 913 1432 1038 1493; x_wconf 83' lang='grc' dir='ltr'><strong><em>παπαῖ.</em></strong></span> <span class='ocrx_word' id='word_1_65' title='bbox 1055 1429 1136 1496; x_wconf 78' lang='lat' dir='ltr'><strong>Aah.</strong></span> <span class='ocrx_word' id='word_1_66' title='bbox 1161 1426 1247 1494; x_wconf 80' lang='lat'>1214</span> 
     </span>
     <span class='ocr_line' id='line_1_11' title="bbox 221 1532 1246 1625; baseline -0.004 -20"><span class='ocrx_word' id='word_1_67' title='bbox 221 1541 276 1605; x_wconf 82' lang='grc' dir='ltr'><strong>ὁδὶ</strong></span> <span class='ocrx_word' id='word_1_68' title='bbox 300 1541 338 1604; x_wconf 78' lang='grc' dir='ltr'><strong>δὲ</strong></span> <span class='ocrx_word' id='word_1_69' title='bbox 360 1537 493 1613; x_wconf 83' lang='grc' dir='ltr'><strong><em>καύτός·</em></strong></span> <span class='ocrx_word' id='word_1_70' title='bbox 519 1536 591 1600; x_wconf 78' lang='grc' dir='ltr'><strong><em>ἀλλ’</em></strong></span> <span class='ocrx_word' id='word_1_71' title='bbox 615 1532 724 1619; x_wconf 77' lang='grc' dir='ltr'><strong><em>ἄνοιγε</em></strong></span> <span class='ocrx_word' id='word_1_72' title='bbox 746 1537 807 1622; x_wconf 79' lang='grc' dir='ltr'><strong>τὴν</strong></span> <span class='ocrx_word' id='word_1_73' title='bbox 830 1534 953 1625; x_wconf 76' lang='grc' dir='ltr'><strong><em>θύραν.</em></strong></span> <span class='ocrx_word' id='word_1_74' title='bbox 1055 1537 1136 1603; x_wconf 82' lang='lat' dir='ltr'><strong>th.</strong></span> <span class='ocrx_word' id='word_1_75' title='bbox 1160 1535 1246 1603; x_wconf 83' lang='lat'>1189</span> 
     </span>
     <span class='ocr_line' id='line_1_12' title="bbox 219 1641 1223 1735; baseline -0.004 -23"><span class='ocrx_word' id='word_1_76' title='bbox 219 1650 376 1735; x_wconf 75' lang='grc' dir='ltr'><strong><em>μαθητιῶ</em></strong></span> <span class='ocrx_word' id='word_1_77' title='bbox 398 1645 470 1731; x_wconf 94' lang='grc' dir='ltr'><strong><em>γάρ.</em></strong></span> <span class='ocrx_word' id='word_1_78' title='bbox 495 1643 567 1709; x_wconf 79' lang='grc' dir='ltr'><strong>ἀλλ’</strong></span> <span class='ocrx_word' id='word_1_79' title='bbox 590 1641 701 1726; x_wconf 79' lang='grc' dir='ltr'><strong><em>ἄνοιγε</em></strong></span> <span class='ocrx_word' id='word_1_80' title='bbox 723 1642 784 1726; x_wconf 76' lang='grc' dir='ltr'><strong>τὴν</strong></span> <span class='ocrx_word' id='word_1_81' title='bbox 806 1641 929 1728; x_wconf 78' lang='grc' dir='ltr'><strong><em>θύραν.</em></strong></span> <span class='ocrx_word' id='word_1_82' title='bbox 1052 1644 1135 1711; x_wconf 88' lang='lat' dir='ltr'><strong>Nub.</strong></span> <span class='ocrx_word' id='word_1_83' title='bbox 1160 1642 1223 1709; x_wconf 83' lang='lat'><strong>183</strong></span> 
     </span>
     <span class='ocr_line' id='line_1_13' title="bbox 53 1756 255 1842; baseline -0.015 -18"><span class='ocrx_word' id='word_1_84' title='bbox 53 1759 103 1826; x_wconf 81' lang='lat' dir='ltr'><strong>ef.</strong></span> <span class='ocrx_word' id='word_1_85' title='bbox 126 1779 179 1842; x_wconf 89' lang='lat' dir='ltr'><strong>pg.</strong></span> <span class='ocrx_word' id='word_1_86' title='bbox 203 1756 255 1822; x_wconf 79' lang='grc'><strong>54.</strong></span> 
     </span>
     <span class='ocr_line' id='line_1_14' title="bbox 221 1875 1248 1964; baseline -0.002 -20"><span class='ocrx_word' id='word_1_87' title='bbox 221 1881 296 1963; x_wconf 78' lang='grc' dir='ltr'><strong><em>ἐμοὶ</em></strong></span> <span class='ocrx_word' id='word_1_88' title='bbox 320 1878 357 1944; x_wconf 83' lang='grc' dir='ltr'><strong>δὲ</strong></span> <span class='ocrx_word' id='word_1_89' title='bbox 382 1877 458 1964; x_wconf 82' lang='grc' dir='ltr'><em>δᾷδ’</em></span> <span class='ocrx_word' id='word_1_90' title='bbox 482 1876 641 1960; x_wconf 76' lang='grc' dir='ltr'><strong><em>ἐνεγκάτω</em></strong></span> <span class='ocrx_word' id='word_1_91' title='bbox 664 1900 712 1951; x_wconf 90' lang='grc' dir='ltr'><strong>τις</strong></span> <span class='ocrx_word' id='word_1_92' title='bbox 734 1876 892 1962; x_wconf 74' lang='grc' dir='ltr'><strong><em>ἡμμένην.</em></strong></span> <span class='ocrx_word' id='word_1_93' title='bbox 1054 1878 1135 1944; x_wconf 90' lang='lat' dir='ltr'><strong>Nub.</strong></span> <span class='ocrx_word' id='word_1_94' title='bbox 1161 1875 1248 1942; x_wconf 80' lang='lat'>1490</span> 
     </span>
     <span class='ocr_line' id='line_1_15' title="bbox 55 1990 587 2074; baseline -0.008 -17"><span class='ocrx_word' id='word_1_95' title='bbox 55 1991 103 2057; x_wconf 85' lang='lat' dir='ltr'><strong>of.</strong></span> <span class='ocrx_word' id='word_1_96' title='bbox 128 2011 180 2074; x_wconf 90' lang='lat' dir='ltr'><strong>pg.</strong></span> <span class='ocrx_word' id='word_1_97' title='bbox 204 1990 255 2055; x_wconf 84' lang='grc'><strong>55.</strong></span> <span class='ocrx_word' id='word_1_98' title='bbox 581 2001 587 2010; x_wconf 89' lang='grc'><em>·</em></span> 
     </span>
     <span class='ocr_line' id='line_1_16' title="bbox 221 2109 1219 2197; baseline 0.001 -20"><span class='ocrx_word' id='word_1_99' title='bbox 221 2119 257 2177; x_wconf 87' lang='grc' dir='ltr'><strong>τί</strong></span> <span class='ocrx_word' id='word_1_100' title='bbox 276 2137 333 2196; x_wconf 91' lang='grc' dir='ltr'><strong>μοι</strong></span> <span class='ocrx_word' id='word_1_101' title='bbox 355 2112 653 2197; x_wconf 75' lang='grc' dir='ltr'><strong><em>μεταστρέφεσθες</em></strong></span> <span class='ocrx_word' id='word_1_102' title='bbox 677 2112 743 2174; x_wconf 79' lang='grc' dir='ltr'><em>ποῖ</em></span> <span class='ocrx_word' id='word_1_103' title='bbox 760 2111 935 2193; x_wconf 57' lang='lat' dir='ltr'><strong>podicem</strong></span> <span class='ocrx_word' id='word_1_104' title='bbox 1054 2112 1130 2194; x_wconf 76' lang='lat' dir='ltr'><strong>hya.</strong></span> <span class='ocrx_word' id='word_1_105' title='bbox 1156 2109 1219 2178; x_wconf 81' lang='grc'><strong>125</strong></span> 
     </span>
     <span class='ocr_line' id='line_1_17' title="bbox 224 2213 1224 2303; baseline -0.001 -19"><span class='ocrx_word' id='word_1_106' title='bbox 224 2213 306 2285; x_wconf 77' lang='grc' dir='ltr'><strong><em>ὅσον</em></strong></span> <span class='ocrx_word' id='word_1_107' title='bbox 328 2217 367 2284; x_wconf 82' lang='grc' dir='ltr'><strong>τὸ</strong></span> <span class='ocrx_word' id='word_1_108' title='bbox 392 2222 504 2303; x_wconf 80' lang='grc' dir='ltr'><strong><em>χρῆμα</em></strong></span> <span class='ocrx_word' id='word_1_109' title='bbox 527 2217 713 2303; x_wconf 82' lang='grc' dir='ltr'><strong><em>παρνόπων</em></strong></span> <span class='ocrx_word' id='word_1_110' title='bbox 736 2218 967 2303; x_wconf 79' lang='grc' dir='ltr'><strong><em>προσέρχεται,</em></strong></span> <span class='ocrx_word' id='word_1_111' title='bbox 1055 2219 1134 2285; x_wconf 73' lang='lat' dir='ltr'><strong>Aah.</strong></span> <span class='ocrx_word' id='word_1_112' title='bbox 1160 2217 1224 2283; x_wconf 84' lang='lat'><strong>150</strong></span> 
     </span>
     <span class='ocr_line' id='line_1_18' title="bbox 56 2328 257 2414; baseline -0.005 -18"><span class='ocrx_word' id='word_1_113' title='bbox 56 2331 104 2396; x_wconf 82' lang='lat' dir='ltr'><strong>of.</strong></span> <span class='ocrx_word' id='word_1_114' title='bbox 129 2351 181 2414; x_wconf 89' lang='lat' dir='ltr'><strong>pg.</strong></span> <span class='ocrx_word' id='word_1_115' title='bbox 205 2328 257 2396; x_wconf 83' lang='lat'><strong>73.</strong></span> 
     </span>
     <span class='ocr_line' id='line_1_19' title="bbox 673 2431 1219 2516; baseline -0.003 -16.247"><span class='ocrx_word' id='word_1_116' title='bbox 673 2431 777 2516; x_wconf 79' lang='grc' dir='ltr'><strong><em>μέγαν</em></strong></span> <span class='ocrx_word' id='word_1_117' title='bbox 800 2431 892 2496; x_wconf 82' lang='grc' dir='ltr'><strong><em>πάνυ</em></strong></span> <span class='ocrx_word' id='word_1_118' title='bbox 1055 2433 1153 2516; x_wconf 82' lang='lat' dir='ltr'><strong>Vesp.</strong></span> <span class='ocrx_word' id='word_1_119' title='bbox 1177 2431 1219 2499; x_wconf 88' lang='grc'><strong>16</strong></span> 
     </span>
     <span class='ocr_line' id='line_1_20' title="bbox 223 2535 855 2629; baseline -0.006 -23"><span class='ocrx_word' id='word_1_120' title='bbox 223 2538 471 2629; x_wconf 77' lang='grc' dir='ltr'><strong><em>ἀναρπάσαντα</em></strong></span> <span class='ocrx_word' id='word_1_121' title='bbox 492 2543 562 2614; x_wconf 85' lang='grc' dir='ltr'><strong><em>τοῖς</em></strong></span> <span class='ocrx_word' id='word_1_122' title='bbox 586 2535 698 2615; x_wconf 80' lang='grc' dir='ltr'><strong><em>ἄννξιν</em></strong></span> <span class='ocrx_word' id='word_1_123' title='bbox 721 2537 855 2604; x_wconf 81' lang='grc' dir='ltr'><strong><em>ἀσπίδα</em></strong></span> 
     </span>
     <span class='ocr_line' id='line_1_21' title="bbox 188 2649 646 2735; baseline -0.004 -22"><span class='ocrx_word' id='word_1_124' title='bbox 188 2649 190 2653; x_wconf 70' lang='grc'>’</span> <span class='ocrx_word' id='word_1_125' title='bbox 223 2649 336 2735; x_wconf 78' lang='grc' dir='ltr'><strong><em>φέρειν</em></strong></span> <span class='ocrx_word' id='word_1_126' title='bbox 642 2662 646 2669; x_wconf 86' lang='grc'>·</span> 
     </span>
     <span class='ocr_line' id='line_1_22' title="bbox 225 2746 1231 2839; baseline 0.001 -20"><span class='ocrx_word' id='word_1_127' title='bbox 225 2754 355 2830; x_wconf 78' lang='grc' dir='ltr'><strong><em>ἐ’ἀεισας</em></strong></span> <span class='ocrx_word' id='word_1_128' title='bbox 380 2746 494 2833; x_wconf 81' lang='grc' dir='ltr'><strong><em>οὗτος,·</em></strong></span> <span class='ocrx_word' id='word_1_129' title='bbox 519 2753 557 2818; x_wconf 83' lang='grc' dir='ltr'><strong>οὐ</strong></span> <span class='ocrx_word' id='word_1_130' title='bbox 582 2753 790 2839; x_wconf 84' lang='grc' dir='ltr'><strong><em>ξυναρπάσει</em></strong></span> <span class='ocrx_word' id='word_1_131' title='bbox 812 2753 919 2839; x_wconf 80' lang='grc' dir='ltr'><strong><em>μέσην</em></strong></span> <span class='ocrx_word' id='word_1_132' title='bbox 1055 2754 1133 2838; x_wconf 85' lang='lat' dir='ltr'><strong>Lys.</strong></span> <span class='ocrx_word' id='word_1_133' title='bbox 1157 2752 1231 2820; x_wconf 79' lang='grc'><strong>437.</strong></span> 
     </span>
    </p>
   </div>
   <div class='ocr_carea' id='block_1_3' title="bbox 689 3038 964 3104">
    <p class='ocr_par' dir='ltr' id='par_1_3' title="bbox 689 3038 964 3104">
     <span class='ocr_line' id='line_1_23' title="bbox 689 3038 964 3104; baseline 0 -42"><span class='ocrx_word' id='word_1_134' title='bbox 689 3038 737 3104; x_wconf 34' lang='grc'><strong>2,,</strong></span> <span class='ocrx_word' id='word_1_135' title='bbox 859 3055 964 3081; x_wconf 43' lang='grc'><strong>,,</strong></span> 
     </span>
    </p>
   </div>
   <div class='ocr_carea' id='block_1_4' title="bbox 64 3164 1348 3894">
    <p class='ocr_par' dir='ltr' id='par_1_4' title="bbox 64 3164 1348 3894">
     <span class='ocr_line' id='line_1_24' title="bbox 173 3164 1347 3251; baseline -0.002 -18"><span class='ocrx_word' id='word_1_136' title='bbox 173 3167 425 3251; x_wconf 82' lang='lat' dir='ltr'><strong>Progrediamur</strong></span> <span class='ocrx_word' id='word_1_137' title='bbox 454 3167 487 3231; x_wconf 90' lang='lat' dir='ltr'><strong>in</strong></span> <span class='ocrx_word' id='word_1_138' title='bbox 518 3165 673 3232; x_wconf 84' lang='lat' dir='ltr'><strong>taxandis</strong></span> <span class='ocrx_word' id='word_1_139' title='bbox 703 3165 870 3244; x_wconf 85' lang='lat' dir='ltr'><strong>versibus,</strong></span> <span class='ocrx_word' id='word_1_140' title='bbox 902 3164 956 3245; x_wconf 88' lang='lat' dir='ltr'><strong>qui</strong></span> <span class='ocrx_word' id='word_1_141' title='bbox 980 3164 1114 3230; x_wconf 87' lang='lat' dir='ltr'><strong>oonsilio</strong></span> <span class='ocrx_word' id='word_1_142' title='bbox 1142 3165 1270 3248; x_wconf 78' lang='lat' dir='ltr'><strong>poetico</strong></span> <span class='ocrx_word' id='word_1_143' title='bbox 1293 3167 1347 3234; x_wconf 86' lang='lat' dir='ltr'><strong>vel</strong></span> 
     </span>
     <span class='ocr_line' id='line_1_25' title="bbox 64 3272 1347 3360; baseline -0.002 -20"><span class='ocrx_word' id='word_1_144' title='bbox 64 3275 222 3360; x_wconf 84' lang='lat' dir='ltr'><strong>graphice</strong></span> <span class='ocrx_word' id='word_1_145' title='bbox 246 3273 491 3358; x_wconf 87' lang='lat' dir='ltr'><strong>elegantissime</strong></span> <span class='ocrx_word' id='word_1_146' title='bbox 515 3272 683 3355; x_wconf 77' lang='lat' dir='ltr'><strong>compositi</strong></span> <span class='ocrx_word' id='word_1_147' title='bbox 707 3276 799 3351; x_wconf 90' lang='lat' dir='ltr'><strong>sunt,</strong></span> <span class='ocrx_word' id='word_1_148' title='bbox 831 3276 929 3353; x_wconf 89' lang='lat' dir='ltr'><strong>atque</strong></span> <span class='ocrx_word' id='word_1_149' title='bbox 952 3291 1039 3338; x_wconf 87' lang='lat' dir='ltr'><strong>nuno</strong></span> <span class='ocrx_word' id='word_1_150' title='bbox 1062 3272 1191 3354; x_wconf 83' lang='lat' dir='ltr'><strong>quidem</strong></span> <span class='ocrx_word' id='word_1_151' title='bbox 1213 3273 1290 3339; x_wconf 93' lang='lat' dir='ltr'><strong>mihi</strong></span> <span class='ocrx_word' id='word_1_152' title='bbox 1312 3273 1347 3338; x_wconf 94' lang='lat' dir='ltr'><strong>in</strong></span> 
     </span>
     <span class='ocr_line' id='line_1_26' title="bbox 67 3380 1347 3462; baseline -0.001 -14"><span class='ocrx_word' id='word_1_153' title='bbox 67 3382 174 3448; x_wconf 91' lang='lat' dir='ltr'><strong>animo</strong></span> <span class='ocrx_word' id='word_1_154' title='bbox 190 3387 242 3448; x_wconf 89' lang='lat' dir='ltr'><strong>est</strong></span> <span class='ocrx_word' id='word_1_155' title='bbox 258 3382 365 3447; x_wconf 89' lang='lat' dir='ltr'><strong>dioere</strong></span> <span class='ocrx_word' id='word_1_156' title='bbox 382 3381 422 3447; x_wconf 91' lang='lat' dir='ltr'><strong>de</strong></span> <span class='ocrx_word' id='word_1_157' title='bbox 438 3381 487 3462; x_wconf 87' lang='lat' dir='ltr'><strong>iis,</strong></span> <span class='ocrx_word' id='word_1_158' title='bbox 512 3381 566 3462; x_wconf 88' lang='lat' dir='ltr'><strong>qui</strong></span> <span class='ocrx_word' id='word_1_159' title='bbox 589 3380 824 3446; x_wconf 85' lang='lat' dir='ltr'><strong>blandientium</strong></span> <span class='ocrx_word' id='word_1_160' title='bbox 840 3381 943 3448; x_wconf 86' lang='lat' dir='ltr'><strong>verba</strong></span> <span class='ocrx_word' id='word_1_161' title='bbox 959 3381 1136 3447; x_wconf 80' lang='lat' dir='ltr'><strong>continent.</strong></span> <span class='ocrx_word' id='word_1_162' title='bbox 1171 3380 1347 3448; x_wconf 85' lang='lat' dir='ltr'><strong>Blanditiis</strong></span> 
     </span>
     <span class='ocr_line' id='line_1_27' title="bbox 69 3488 1348 3572; baseline -0.002 -16"><span class='ocrx_word' id='word_1_163' title='bbox 69 3495 166 3570; x_wconf 88' lang='lat' dir='ltr'><strong>atque</strong></span> <span class='ocrx_word' id='word_1_164' title='bbox 191 3489 469 3556; x_wconf 87' lang='lat' dir='ltr'><strong>assentationibus</strong></span> <span class='ocrx_word' id='word_1_165' title='bbox 494 3488 614 3570; x_wconf 86' lang='lat' dir='ltr'><strong>optime</strong></span> <span class='ocrx_word' id='word_1_166' title='bbox 638 3491 754 3571; x_wconf 89' lang='lat' dir='ltr'><strong>aptare</strong></span> <span class='ocrx_word' id='word_1_167' title='bbox 776 3488 942 3554; x_wconf 87' lang='lat' dir='ltr'><strong>trimetros</strong></span> <span class='ocrx_word' id='word_1_168' title='bbox 967 3488 1137 3572; x_wconf 87' lang='lat' dir='ltr'><strong>eleganter</strong></span> <span class='ocrx_word' id='word_1_169' title='bbox 1166 3508 1205 3554; x_wconf 89' lang='lat' dir='ltr'><strong>ao</strong></span> <span class='ocrx_word' id='word_1_170' title='bbox 1229 3489 1348 3555; x_wconf 88' lang='lat' dir='ltr'><strong>blande</strong></span> 
     </span>
     <span class='ocr_line' id='line_1_28' title="bbox 70 3594 1348 3678; baseline -0.002 -15"><span class='ocrx_word' id='word_1_171' title='bbox 70 3597 248 3664; x_wconf 90' lang='lat' dir='ltr'><strong>defluentes</strong></span> <span class='ocrx_word' id='word_1_172' title='bbox 271 3616 336 3662; x_wconf 88' lang='lat' dir='ltr'><strong>non</strong></span> <span class='ocrx_word' id='word_1_173' title='bbox 360 3600 424 3676; x_wconf 88' lang='lat' dir='ltr'><strong>est,</strong></span> <span class='ocrx_word' id='word_1_174' title='bbox 456 3597 541 3677; x_wconf 92' lang='lat' dir='ltr'><strong>quod</strong></span> <span class='ocrx_word' id='word_1_175' title='bbox 564 3596 711 3678; x_wconf 90' lang='lat' dir='ltr'><strong>pluribus</strong></span> <span class='ocrx_word' id='word_1_176' title='bbox 735 3594 901 3678; x_wconf 82' lang='lat' dir='ltr'><strong>explicem,</strong></span> <span class='ocrx_word' id='word_1_177' title='bbox 925 3614 1030 3677; x_wconf 88' lang='lat' dir='ltr'><strong>neque</strong></span> <span class='ocrx_word' id='word_1_178' title='bbox 1053 3615 1128 3662; x_wconf 89' lang='lat' dir='ltr'><strong>raro</strong></span> <span class='ocrx_word' id='word_1_179' title='bbox 1153 3595 1280 3676; x_wconf 83' lang='lat' dir='ltr'><strong>evenit,</strong></span> <span class='ocrx_word' id='word_1_180' title='bbox 1312 3599 1348 3661; x_wconf 91' lang='lat' dir='ltr'><strong>ut</strong></span> 
     </span>
     <span class='ocr_line' id='line_1_29' title="bbox 71 3702 1347 3786; baseline -0.002 -16"><span class='ocrx_word' id='word_1_181' title='bbox 71 3705 305 3786; x_wconf 81' lang='lat' dir='ltr'><strong>Aristophanes</strong></span> <span class='ocrx_word' id='word_1_182' title='bbox 329 3703 485 3769; x_wconf 88' lang='lat' dir='ltr'><strong>trimetris</strong></span> <span class='ocrx_word' id='word_1_183' title='bbox 510 3702 756 3769; x_wconf 82' lang='lat' dir='ltr'><strong>aoouratissime</strong></span> <span class='ocrx_word' id='word_1_184' title='bbox 787 3702 954 3785; x_wconf 88' lang='lat' dir='ltr'><strong>perpolitis</strong></span> <span class='ocrx_word' id='word_1_185' title='bbox 986 3703 1167 3769; x_wconf 87' lang='lat' dir='ltr'><strong>orationem</strong></span> <span class='ocrx_word' id='word_1_186' title='bbox 1194 3703 1347 3770; x_wconf 89' lang='lat' dir='ltr'><strong>blandam</strong></span> 
     </span>
     <span class='ocr_line' id='line_1_30' title="bbox 73 3811 329 3894; baseline 0.004 -18"><span class='ocrx_word' id='word_1_187' title='bbox 73 3811 329 3894; x_wconf 82' lang='lat' dir='ltr'><strong>comprehendat.</strong></span> 
     </span>
    </p>
   </div>
   <div class='ocr_carea' id='block_1_5' title="bbox 104 3932 1228 4129">
    <p class='ocr_par' dir='ltr' id='par_1_5' title="bbox 104 3932 1228 4129">
     <span class='ocr_line' id='line_1_31' title="bbox 104 3932 1228 4040; baseline 0.002 -41"><span class='ocrx_word' id='word_1_188' title='bbox 104 4031 108 4040; x_wconf 23' lang='grc'>1</span> <span class='ocrx_word' id='word_1_189' title='bbox 230 3934 318 4021; x_wconf 79' lang='grc' dir='ltr'><strong><em>πλην</em></strong></span> <span class='ocrx_word' id='word_1_190' title='bbox 340 3935 377 3999; x_wconf 69' lang='grc' dir='ltr'><strong>’ὲν</strong></span> <span class='ocrx_word' id='word_1_191' title='bbox 399 3935 516 4019; x_wconf 90' lang='grc' dir='ltr'><strong><em>μόνον,</em></strong></span> <span class='ocrx_word' id='word_1_192' title='bbox 541 3935 632 3999; x_wconf 78' lang='grc' dir='ltr'><strong><em>τουτὶ</em></strong></span> <span class='ocrx_word' id='word_1_193' title='bbox 654 3934 761 4016; x_wconf 89' lang='grc' dir='ltr'><strong><em>μόνον</em></strong></span> <span class='ocrx_word' id='word_1_194' title='bbox 783 3934 876 3998; x_wconf 82' lang='grc' dir='ltr'><strong><em>τουτὶ</em></strong></span> <span class='ocrx_word' id='word_1_195' title='bbox 898 3933 1003 4016; x_wconf 89' lang='grc' dir='ltr'><strong><em>μόνον</em></strong></span> <span class='ocrx_word' id='word_1_196' title='bbox 1060 3935 1140 4018; x_wconf 69' lang='lat' dir='ltr'><strong>Aah.</strong></span> <span class='ocrx_word' id='word_1_197' title='bbox 1164 3932 1228 4001; x_wconf 83' lang='lat'><strong>477</strong></span> 
     </span>
     <span class='ocr_line' id='line_1_32' title="bbox 231 4039 973 4129; baseline 0.004 -23"><span class='ocrx_word' id='word_1_198' title='bbox 231 4043 393 4108; x_wconf 82' lang='grc' dir='ltr'><strong><em>σκάνδικά</em></strong></span> <span class='ocrx_word' id='word_1_199' title='bbox 415 4065 473 4125; x_wconf 91' lang='grc' dir='ltr'><strong>μοι</strong></span> <span class='ocrx_word' id='word_1_200' title='bbox 496 4041 554 4116; x_wconf 82' lang='grc' dir='ltr'><strong>δὸς</strong></span> <span class='ocrx_word' id='word_1_201' title='bbox 575 4041 748 4129; x_wconf 86' lang='grc' dir='ltr'><strong><em>μητρόθεν</em></strong></span> <span class='ocrx_word' id='word_1_202' title='bbox 771 4039 973 4125; x_wconf 61' lang='grc' dir='ltr'><strong><em>δεδεγμένος</em></strong></span> 
     </span>
    </p>
   </div>
   <div class='ocr_carea' id='block_1_6' title="bbox 72 4328 1376 4490">
    <p class='ocr_par' dir='ltr' id='par_1_6' title="bbox 72 4328 1376 4490">
     <span class='ocr_line' id='line_1_33' title="bbox 179 4328 1349 4401; baseline -0.001 -16"><span class='ocrx_word' id='word_1_203' title='bbox 179 4332 205 4397; x_wconf 90' lang='lat' dir='ltr'><strong>l)</strong></span> <span class='ocrx_word' id='word_1_204' title='bbox 224 4331 292 4399; x_wconf 82' lang='lat' dir='ltr'><strong>Egit</strong></span> <span class='ocrx_word' id='word_1_205' title='bbox 304 4332 336 4386; x_wconf 89' lang='lat' dir='ltr'><strong>de</strong></span> <span class='ocrx_word' id='word_1_206' title='bbox 348 4331 481 4386; x_wconf 85' lang='lat' dir='ltr'><strong>trimetris</strong></span> <span class='ocrx_word' id='word_1_207' title='bbox 492 4331 708 4401; x_wconf 72' lang='lat' dir='ltr'><strong>Aristophanem,</strong></span> <span class='ocrx_word' id='word_1_208' title='bbox 727 4332 774 4399; x_wconf 84' lang='lat' dir='ltr'><strong>qui</strong></span> <span class='ocrx_word' id='word_1_209' title='bbox 786 4331 870 4386; x_wconf 85' lang='lat' dir='ltr'><strong>meris</strong></span> <span class='ocrx_word' id='word_1_210' title='bbox 883 4347 917 4386; x_wconf 81' lang='lat' dir='ltr'><strong>ex</strong></span> <span class='ocrx_word' id='word_1_211' title='bbox 930 4331 1026 4384; x_wconf 86' lang='lat' dir='ltr'><strong>iambis</strong></span> <span class='ocrx_word' id='word_1_212' title='bbox 1039 4335 1172 4398; x_wconf 83' lang='lat' dir='ltr'><strong>constant,</strong></span> <span class='ocrx_word' id='word_1_213' title='bbox 1190 4328 1349 4397; x_wconf 84' lang='lat' dir='ltr'><strong>Rumpelius</strong></span> 
     </span>
     <span class='ocr_line' id='line_1_34' title="bbox 72 4418 1376 4490; baseline 0.001 -15"><span class='ocrx_word' id='word_1_214' title='bbox 72 4418 100 4474; x_wconf 90' lang='lat' dir='ltr'><strong>in</strong></span> <span class='ocrx_word' id='word_1_215' title='bbox 119 4421 214 4477; x_wconf 87' lang='lat' dir='ltr'><strong>Philol.</strong></span> <span class='ocrx_word' id='word_1_216' title='bbox 233 4426 306 4476; x_wconf 92' lang='lat' dir='ltr'><strong>tomo</strong></span> <span class='ocrx_word' id='word_1_217' title='bbox 324 4423 367 4490; x_wconf 72' lang='grc'><strong>28,</strong></span> <span class='ocrx_word' id='word_1_218' title='bbox 386 4437 432 4490; x_wconf 87' lang='lat' dir='ltr'><strong>pg.</strong></span> <span class='ocrx_word' id='word_1_219' title='bbox 451 4425 511 4480; x_wconf 87' lang='grc'><strong>601.</strong></span> <span class='ocrx_word' id='word_1_220' title='bbox 1374 4419 1376 4422; x_wconf 78' lang='grc'><strong>’</strong></span> 
     </span>
    </p>
   </div>
   <div class='ocr_carea' id='block_1_7' title="bbox 0 0 1410 4906">
    <p class='ocr_par' dir='ltr' id='par_1_7' title="bbox 0 0 1410 4906">
     <span class='ocr_line' id='line_1_35' title="bbox 0 0 1410 4906; baseline 0 0"><span class='ocrx_word' id='word_1_221' title='bbox 0 0 1410 4906; x_wconf 95' lang='lat' dir='ltr'><strong> </strong></span> 
     </span>
    </p>
   </div>
  </div>
 </body>
</html>
