2776 4906
599 354 819 423 „pg-

178 554 332 624 Videmus
356 556 463 617 καίτοι
486 573 599 620 sonum
622 554 776 620 habuisse
797 553 963 638 grandem,
987 554 1073 620 unde
1096 554 1243 621 fortasse
1268 551 1357 615 hano

70 682 183 732 vocem
205 662 239 727 in
263 680 411 727 sermono
434 660 563 744 vulgari
586 680 650 727 non
673 661 771 728 valde
795 661 953 728 usitatam
976 661 1079 728 fuisse
1105 661 1211 729 ooniei
1232 657 1356 742 potest,

72 770 135 836 nisi
158 768 243 850 quod
265 768 448 850 Xenophon
471 767 708 834 Demosthenes
733 767 852 850 aliique
876 787 916 835 ea
939 772 1085 835 utuntur.

172 891 207 978 d)
232 879 256 955 οἷ
280 890 363 974 θῦμ’
388 891 467 976 ὁρᾷς
488 890 550 975 γόρ
575 890 616 965 ὡς
640 890 848 975 ἀπωθοῦμαι
872 893 994 976 δόμων.
1062 894 1142 960 Aah.
1166 890 1234 957 450

209 987 257 1062 *οῖ
281 997 372 1081 θυμὲ
393 998 466 1062 νυνῖ
488 996 684 1080 βωμολόχον
708 993 823 1084 ’ἔξευρέ
846 1023 886 1067 τι.
1062 1001 1145 1091 Equ.
1170 996 1260 1065 1194

232 1107 294 1170 σόν
317 1101 412 1189 ἔργον
436 1095 461 1167 ai
486 1103 547 1190 όρῖς
571 1102 657 1168 ἱέναι
679 1104 810 1190 πολλὴν
833 1105 950 1190 φλόγα.
1059 1107 1141 1173 Nub.
1166 1103 1256 1171 1494

232 1211 446 1287 ῖατταταιοῖξ·
471 1201 496 1274 (ό
519 1210 660 1295 κροκώθ’
685 1202 730 1274 οῖ’
747 1212 908 1296 εἴργασαι·
1061 1215 1190 1279 Thesm.
1215 1209 1282 1277 945

176 1334 208 1423 e)
232 1335 274 1411 ὥς
296 1335 400 1419 ῆόὲως
424 1332 466 1400 ἄν
490 1353 550 1399 σου
573 1334 660 1419 λίθῳ
682 1335 759 1410 τοῦς
781 1341 942 1422 γομφίους
1059 1338 1142 1404 Ran.
1166 1336 1232 1403 572

230 1441 384 1525 κόπτοιμ’
409 1439 463 1524 ἄν,
491 1467 518 1509 κ.
534 1466 561 1509 τ.
577 1441 605 1509 λ.

71 1552 224 1618 Formam
262 1551 541 1634 elegantissimam
581 1547 657 1636 (σου
680 1601 687 1617 .
712 1601 719 1616 .
743 1601 751 1617 .
773 1549 851 1625 τοῦς
883 1550 925 1637 γ.)
964 1555 1063 1635 poeta
1100 1554 1214 1634 optato
1249 1547 1364 1614 induit

72 1658 278 1740 nequissime.

177 1780 210 1869 f)
236 1773 299 1845 οἷδ’
316 1773 394 1845 οῖόα
416 1781 477 1845 τόν
498 1785 595 1846 νοῦν·
620 1785 709 1845 παῦε
731 1786 821 1846 παῦε
844 1787 904 1847 τοῦ
927 1782 1033 1866 λόγου.
1061 1785 1144 1849 Rau.
1169 1780 1235 1847 580

237 1880 299 1952 οἶδ’
316 1880 395 1952 οῗόα
417 1887 477 1952 τόν
499 1891 594 1952 νοῦν·
619 1887 723 1952 οὐκέτ’
747 1889 855 1966 α’ξιοῖς
1064 1891 1149 1956 Plut.
1173 1887 1262 1955 1080

97 2016 99 2022 '
170 2011 206 2098 g)
232 2001 256 2075 οῖ
280 2011 410 2077 κλεινόν
434 2008 526 2096 όμμα
547 2017 607 2077 νῦν
623 2013 841 2079 πανύστατόν
858 2013 887 2078 σ’
904 2012 1036 2082 trev...
1061 2015 1141 2081 Aah.
1165 2012 1253 2079 1184

234 2107 258 2183 oi
284 2118 448 2205 παμπρόν
465 2117 555 2202 όμμα
570 2125 630 2184 τοῦ
645 2119 852 2207 τροχηλάτου
867 2120 988 2203 λόχνου
1065 2122 1153 2188 Eucl.
1178 2120 1197 2185 1

232 2226 291 2310 ἐγώ
316 2225 365 2307 δὲ,
388 2229 485 2310 μισεῖ
501 2226 563 2310 γάρ
586 2227 632 2309 μ’,
657 2223 772 2310 ἄπειμ’
796 2227 833 2303 ἐξ
857 2226 1025 2310 ὀμμάτων.
1064 2230 1184 2312 Phryn.
1209 2227 1249 2294 fr.
1275 2225 1319 2291 81

71 2334 217 2400 Kookius
242 2333 284 2401 ad
305 2335 393 2400 huno
415 2334 593 2418 Phryniohi
608 2354 738 2402 versum
755 2334 942 2402 adnotavit:
969 2335 1118 2419 „nomine
1135 2329 1227 2417 όμμα
1243 2333 1363 2401 oomioi

72 2445 191 2525 poetae
215 2461 277 2508 non
302 2444 440 2508 utuntur
456 2441 518 2508 uisi
533 2442 567 2508 in
583 2442 706 2509 melicis
724 2442 921 2508 carminibus
938 2446 971 2508 et
987 2440 1359 2526 παρατραγῳδοῦντες.“

74 2546 195 2635 (Affert
217 2568 333 2617 versus
357 2549 447 2616 Eoel.
472 2548 500 2631 1,
523 2551 604 2617 Aah.
629 2547 739 2636 1184.)

171 2671 209 2758 h)
231 2674 394 2756 κράτιστα
416 2680 529 2738 τοίνυν
552 2678 617 2738 τῶν
640 2674 816 2759 παρόντων
840 2674 912 2738 ἐστὶ
934 2678 1001 2757 νῷν
1065 2674 1147 2756 Equ.
1172 2672 1214 2739 30

233 2784 325 2844 osee
349 2778 438 2845 ἰόντε
460 2785 668 2863 προσπεσεῖν
691 2803 750 2844 του
775 2779 859 2867 πρός
880 2781 1010 2866 βρέτας.

926 2886 1000 2969 ἐμοὶ
1065 2888 1166 2954 Arist.
1190 2888 1230 2954 fr.
1255 2887 1324 2954 567

233 2991 413 3077 κροὶτιστόν
436 2991 528 3058 ἔστιν
551 2991 596 3067 εἰς
619 2991 658 3057 τό
686 2997 830 3082 Θησεῖον
854 2994 1004 3077 δραμεῖν,

234 3102 302 3164 ἐκεῖ
322 3100 351 3165 δ’
374 3092 433 3175 ἕως
457 3096 501 3164 όν
524 3104 651 3187 πρᾶσιν
675 3093 818 3187 εῦρωμεν
840 3099 960 3182 μένειν.

182 3403 274 3470 Haeo
312 3403 412 3469 habui
450 3403 490 3468 de
528 3402 666 3485 parodia
703 3401 895 3486 tragoediae
933 3421 1017 3483 quae
1052 3402 1201 3471 dicerem.
1255 3407 1366 3474 Varia

75 3510 224 3592 exempla
254 3509 387 3593 collegi,
419 3510 504 3590 quod
536 3513 647 3575 autem
676 3509 784 3575 inerat
815 3508 988 3575 artificium
1017 3529 1145 3593 semper
1166 3511 1252 3578 idem
1276 3517 1367 3582 erat·

76 3615 153 3683 Sive
175 3616 400 3683 timidissimus
424 3616 543 3697 aliquis
567 3616 677 3683 verbis
700 3615 850 3699 gloriosis
875 3635 911 3683 se
934 3616 1091 3698 iactabat,
1116 3618 1186 3687 sive
1210 3622 1367 3703 supellex

75 3722 231 3790 vilissima
257 3724 408 3791 versibus
432 3723 641 3805 grandisonis
665 3723 875 3804 efferebatur,
906 3723 977 3791 sive
1008 3725 1167 3792 tumultus
1191 3727 1368 3796 oriebatur

75 3829 162 3895 inter
184 3849 342 3913 personas
365 3829 514 3896 rixantes
538 3830 572 3894 in
596 3831 721 3897 modum
746 3830 948 3913 comoediae,
979 3831 1149 3912 loquentes
1172 3833 1207 3898 in
1230 3836 1366 3904 modum

76 3937 284 4021 tragoediae:
315 3939 429 4020 poeta,
460 3939 496 4002 ut
520 3936 657 4003 formam
681 3940 779 4019 atque
803 3956 935 4004 sensum
958 3937 1097 4004 maxime
1120 3939 1184 4005 sibi
1207 3943 1368 4025 opposita

75 4043 237 4124 redderet,
260 4043 465 4111 indissolutis
488 4043 662 4127 praeeipue
685 4044 842 4110 trimetris
866 4063 946 4110 usus
970 4047 1030 4110 est.
