2776 4906
603 352 821 421 ..30-

233 555 271 616 τί
288 528 394 615 ταῦτα
416 549 493 625 τούς
515 548 678 623 Λάκωνας
702 546 913 633 αῖτιῶμεθα;
1064 549 1143 616 Aen.
1168 546 1233 613 514

233 663 269 721 τί
287 655 379 720 ταῦτ’
403 652 540 739 ἔχουσαι
563 653 680 720 ’κεῖνον
703 653 893 738 αἰτιώμεθα
899 681 912 740 ,·
1063 657 1191 722 Thesm.
1216 652 1282 719 473

233 761 385 848 καθῆσθ’
402 757 445 825 άν
460 759 495 824 ἐν
511 760 666 843 δόμοισιν
671 785 684 845 ;
705 748 727 846 ή
744 759 874 826 πολλοῦ
888 786 922 845 γε
938 763 995 826 δεῖ
1064 763 1144 828 th.
1167 759 1233 826 543

232 869 416 933 καὶταῦτα
438 865 500 950 μὲν
523 865 563 953 δή
589 867 710 950 σμικρά
734 867 931 954 κήπιχῶρια,
949 921 956 936 .
973 920 1005 936 ..
1062 869 1142 935 Aeh.
1167 865 1233 933 523

232 974 471 1057 καῖταύταμὲν
480 971 736 1057 ξυγγνώσθ’άῶ
743 963 946 1059 ήνήμῖνπρὸ
956 976 1191 1043 τού...’1’565[ο.
1215 972 1284 1039 418

233 1084 375 1146 τοιαῦτα
396 1079 459 1163 μὲν
481 1077 646 1147 τάκεῖθεν.
670 1079 706 1144 ἓν
730 1080 769 1145 δὲ
793 1099 847 1143 σοι
870 1079 967 1164 λέγω·
1062 1085 1123 1149 AV.
1149 1079 1237 1147 1304

231 1187 380 1271 μάλιστα
402 1186 547 1254 πάντων.
569 1183 606 1250 ἓν
629 1187 668 1250 δὲ
692 1204 746 1251 σοι
769 1186 850 1270 λέγοι
873 1187 996 1272 σαφές.
1062 1191 1123 1256 AV.
1148 1186 1234 1254 1531

233 1293 276 1358 τά
299 1293 361 1376 μὲν
382 1292 444 1377 γάρ
468 1288 540 1356 ἄλλ’
565 1284 647 1378 adue
669 1289 887 1381 κατηγόρηκεν
910 1281 963 1357 εύ·
1064 1296 1191 1362 Thesm.
1216 1291 1286 1358 444

232 1398 311 1465 κούκ
333 1396 410 1464 ἔσθ’
427 1391 517 1474 ὅπως
541 1397 598 1463 ούκ
621 1397 705 1463 εἰσὶν
729 1398 864 1464 ἐνθένδ’
880 1399 1040 1469 αὐτόθεν.
1063 1403 1143 1468 Aen.
1169 1399 1234 1466 116

232 1506 311 1571 κούιι
333 1502 411 1570 ’ἐσθ’
428 1499 516 1581 ὅπως
541 1505 598 1570 ούκ
622 1502 713 1570 ἔστιν
736 1504 873 1570 ἐνταῦθ’
899 1503 1006 1591 ὄρνεα.
1063 1509 1124 1576 AV.
1148 1507 1190 1574 52

234 1612 293 1679 ούκ
314 1609 392 1677 ’ἐσθ’
414 1605 504 1687 ὅπως
528 1611 545 1674 ὁ
569 1611 711 1699 χρηστὸς
735 1611 767 1687 ἐς
789 1617 889 1678 τοῦτο
913 1614 1018 1698 ῥέπει.
1063 1616 1149 1682 Plut.
1174 1613 1217 1680 51

207 1719 312 1786 *κούκ
335 1717 413 1784 ἴσθ’
430 1712 519 1793 ὅπως
544 1717 602 1783 ούκ
623 1715 717 1802 ’ἑχετὲ
738 1742 803 1802 μου
826 1719 869 1783 τά
886 1722 1048 1808 χρήματα.
1064 1723 1149 1788 Plut.
1173 1719 1238 1786 371

233 1827 293 1912 ἐγώ
315 1824 378 1910 μὲν
403 1815 462 1892 οὖν
486 1824 544 1891 ούκ
566 1821 644 1890 ’ἐσθ’
662 1819 752 1901 ὅπως
776 1827 964 1912 σιγήσομαι.
1065 1830 1150 1895 Plut.
1176 1827 1219 1893 18

234 1934 289 2001 ὁδὶ
312 1933 351 1998 δὲ
373 1938 423 2007 τῖς
439 1931 516 1997 ποτ’
534 1931 646 2012 ierim
671 1931 710 1996 ού
734 1933 846 2018 δήπου
861 1935 1037 2019 Στράτων,·
1062 1936 1143 2002 Aah.
1169 1933 1235 2000 122

231 2041 290 2127 ήδῖ
313 2040 353 2106 δὲ
377 2041 418 2125 δή
443 2064 491 2115 τις
515 2038 607 2104 ἐστὶν
631 2037 705 2122 ούχῖ
727 2039 917 2125 κλεψύδρας
1063 2043 1161 2125 Vesp.
1186 2040 1256 2106 858

237 2147 330 2213 ταῦτ’
339 2145 425 2213 αὐτά
436 2148 499 2231 γάρ
510 2169 562 2210 τοι
572 2143 676 2211 κᾶσθ’
689 2144 711 2208 ἃ
724 2145 845 2210 σώσειν
860 2150 1048 2232 προσδοκῶ.
1063 2150 1141 2233 Lys
1165 2147 1209 2213 46

232 2253 358 2320 τοιαῦτ’
382 2251 543 2341 ἀπήντηκ’
567 2252 600 2327 ἐς
622 2255 752 2318 τοιαυτὶ
775 2253 966 2338 πράγματα.
1061 2255 1140 2339 Lys.
1164 2253 1232 2320 420

232 2352 419 2428 καὶταῦτα
440 2358 502 2444 μὲν
525 2358 566 2445 δή
591 2363 707 2424 ταῦτα.
731 2363 777 2442 τῷ
801 2359 839 2424 δὲ
853 2358 951 2447 λοξῖρι
967 2409 975 2424 .
993 2409 1027 2424 ..
1059 2363 1146 2429 Plut.
1170 2363 1191 2427 8

235 2463 321 2554 ὅμως
342 2492 377 2552 γε
398 2467 513 2552 μέντοι
537 2486 591 2532 σοι
614 2465 657 2531 δι’
680 2465 837 2551 αἰνιγμῶν
861 2465 932 2552 ἐρῶ.
1064 2471 1146 2536 Rau.
1171 2467 1213 2534 61

231 2577 288 2641 καὶ
309 2577 415 2662 κάρτα
436 2573 552 2658 μέντοι
576 2569 619 2638 άν
635 2571 761 2647 εὐθέως
775 2574 970 2640 καθείλκετε
986 2624 994 2639 .
1012 2623 1019 2639 .
1037 2624 1044 2638 .
1062 2578 1143 2642 Aen.
1167 2574 1234 2641 544

231 2687 290 2748 καῖ
311 2687 432 2756 σοιτίς
455 2679 542 2764 ὑμᾶς
565 2673 603 2746 εύ
625 2682 735 2745 ποιεῖν
758 2679 949 2766 δυνήσεται,
1063 2684 1161 2765 Vesp.
1186 2680 1254 2747 915

231 2785 273 2876 ήν
294 2787 342 2874 μή
365 2811 397 2852 τι
418 2787 523 2872 κάμοί
542 2810 591 2862 τις
614 2784 790 2873 προβάλλῃ
813 2790 860 2870 τῷ
881 2793 957 2852 κυνί
961 2813 974 2868 ,·

232 2900 319 2980 μισῶ
342 2895 402 2960 τὸν
426 2891 520 2977 ἄνδρ’
544 2893 679 2974 ἐκεῖνον,
703 2891 734 2957 εἰ
753 2891 798 2980 μή
822 2901 994 2978 μαίνομαι.
1063 2897 1192 2962 Thesm.
1217 2893 1286 2961 470

238 2997 324 3087 ὅμως
348 3000 378 3066 δ’
401 3000 437 3069 ἓν
461 2999 638 3088 ἀλλήλαισι
659 2999 721 3085 χρή
747 3002 864 3067 δοῦναι
886 3000 994 3086 λόγον.

291 3109 523 3193 Ὀλυμπίασιν,
548 3107 584 3172 ἐν
599 3106 739 3188 Πύλαις,
762 3111 883 3172 Πυθοῖ
897 3108 1040 3198 (πόσους
1062 3110 1140 3193 Lys.
1165 3108 1251 3175 1131

234 3215 357 3300 εἴποιμ’
381 3212 423 3280 dv
447 3211 578 3296 ἄλλους,
603 3214 638 3278 εἴ
654 3237 695 3296 με
717 3215 872 3302 μηκύνειν
895 3214 1001 3302 δέοις)

233 3325 432 3410 ἠρίσταμεν·
456 3321 528 3411 (δεῖ
544 3321 606 3405 γάρ
631 3321 813 3386 συνάπτειν
835 3321 895 3386 τὸν
918 3321 1040 3409 λόγον.)
1059 3323 1259 3406 Theopompi
1268 3322 1328 3392 snt

181 3467 356 3536 Sufficiunt
379 3466 528 3549 exempla
550 3467 717 3548 hueusque
741 3465 853 3548 adlata,
877 3486 960 3549 quae
976 3467 1201 3533 demonstrent
1223 3469 1328 3550 poeta]

74 3579 153 3644 tune
185 3595 327 3659 qnoque,
362 3594 434 3642 eum
469 3576 633 3640 oratorum
666 3571 812 3657 linguam
841 3573 1069 3656 propriumque
1104 3592 1214 3639 eorum
1249 3592 1328 3658 genn

75 3683 203 3751 dicendi
244 3682 406 3764 imitetur,
452 3699 562 3747 eorum
604 3679 784 3745 locutiones
826 3679 983 3746 trimetris
1025 3679 1229 3747 indissolutis
1269 3699 1328 3748 eon

74 3789 296 3873 prehendisse.

701 4053 731 4121 3.

182 4181 335 4248 Socrates
365 4179 399 4245 in
422 4179 562 4245 Nubium
585 4199 625 4245 en
647 4182 756 4262 parte,
787 4179 843 4245 ubi
866 4179 1074 4262 Strepsiades
1105 4136 1313 4262 discipulusi

75 4288 219 4371 ducitur,
254 4287 446 4370 magistrum
480 4286 550 4370 agit
583 4305 749 4367 severum,
785 4305 879 4367 quem
909 4287 1006 4370 paulo
1037 4289 1112 4368 post
1142 4304 1206 4351 non
1236 4285 1308 4351 habi

74 4395 178 4461 solum
200 4398 234 4462 et
256 4396 350 4463 vultu
380 4395 438 4461 sed
460 4394 570 4462 verbis
602 4393 702 4460 etiem
724 4392 934 4476 Phidippides
964 4412 1027 4460 nee
1057 4411 1122 4458 non
1145 4391 1303 4474 Strepsinr'
