2776 4906
610 376 827 475 -14†·

237 573 294 636 καὶ
317 571 383 656 μὴν
409 570 468 636 ὁδί
487 595 535 644 τις
557 571 617 644 τὰς
641 569 745 654 ὀφρῦς
767 568 962 644 ἀνεσπακὼς
1049 569 1134 636 1069

240 671 353 761 ὥσπερ
376 701 408 741 τι
431 676 542 741 δεινὸν
566 675 706 759 ἀγγελῶν
729 675 903 759 ἐπείγεται.

240 783 294 847 ὁδὶ
318 782 356 848 δὲ
380 782 517 856 καύτός·
542 781 613 846 ἀλλ’
638 780 748 864 ἄνοιγε
769 781 830 866 τὴν
853 782 974 867 θύραν.
1049 783 1134 849 1189

80 893 140 958 His
165 892 292 973 quidem
316 890 473 956 trimetris
500 890 704 956 indissolutis
736 910 895 972 personae
926 891 1119 957 nuntiantur
1150 897 1208 956 aut
1239 891 1260 954 d

78 1001 208 1078 buntur,
233 997 373 1080 quaein
397 1016 549 1063 scaenam
572 997 742 1079 prodeunt.

185 1317 360 1383 Sufficiunt
391 1317 539 1398 exempla
569 1318 734 1396 hueusque
763 1316 880 1398 allata,
913 1317 1029 1397 quibus
1060 1317 1116 1384 via
1146 1318 1240 1383 nobis

80 1425 154 1506 fiat,
186 1444 250 1506 qua
272 1423 528 1508 progrediamur.
574 1423 680 1488 Multa
703 1422 831 1503 quidem
859 1423 1000 1490 artificia
1021 1425 1220 1506 invenimur,
1252 1445 1263 1490 r

79 1536 190 1598 tamen
219 1551 278 1613 per
308 1530 374 1597 tria
404 1550 527 1614 genera
558 1529 685 1612 disponi
712 1533 859 1611 possunt.
910 1530 1051 1596 Primum
1083 1532 1183 1613 enim,
1216 1552 1263 1597 cm

80 1639 230 1705 versibus
248 1636 305 1720 12;
322 1636 384 1703 571
403 1658 446 1704 ss.
477 1636 736 1702 Acharnensium
761 1656 941 1720 ageremus,
965 1657 1005 1703 ea
1021 1638 1060 1709 de
1077 1659 1179 1705 causa
1194 1640 1263 1704 trim

80 1745 264 1828 elegantius
287 1745 465 1827 perpolitus
489 1763 563 1810 esse
585 1743 735 1824 vidimus,
758 1747 795 1809 ut
818 1744 1008 1828 tragoediae
1031 1745 1222 1826 imitatione,
1247 1767 1263 1811 u

80 1852 176 1936 nugis
207 1870 391 1933 versemur,
425 1851 511 1916 risus
542 1852 712 1917 moveatur
747 1850 973 1932 spectantium.
1026 1851 1119 1934 Quod
1154 1857 1263 1918 tamen

80 1959 209 2042 tragica
232 1959 336 2024 solum
358 1960 532 2026 verborum
556 1957 769 2023 collocatione
794 1977 833 2023 ac
856 1957 1099 2041 magnificentia
1122 1963 1260 2041 poetae

80 2085 185 2147 neque
208 2065 338 2148 tragica
360 2066 463 2131 solum
486 2083 639 2132 versuum
662 2064 776 2146 forma,
804 2065 862 2130 sed
885 2065 1088 2146 indissoluta,
1120 2086 1181 2147 quo
1206 2066 1263 2132 fae

82 2171 265 2238 auditorum
300 2191 396 2237 aures
432 2171 656 2238 advertantur.
709 2170 836 2236 Deinde
870 2189 930 2236 nos
965 2190 1028 2237 non
1061 2172 1147 2256 fugit
1178 2177 1263 2238 ceter

82 2298 161 2360 quos
187 2277 283 2343 attuli
309 2297 457 2344 versuum
489 2277 643 2359 plurimos
675 2296 712 2343 eo
737 2276 870 2342 consilio
898 2277 1109 2344 indissolutos
1141 2298 1263 2361 compos

81 2388 227 2468 poetam,
259 2385 335 2465 quia
359 2387 415 2450 ant
439 2404 554 2450 sensus
579 2384 767 2466 postulabat
798 2387 855 2448 aut
877 2383 948 2465 ipse
971 2385 1105 2451 volebat
1127 2386 1261 2468 gravior

82 2511 160 2559 sono
199 2491 340 2557 recitari.
395 2492 500 2557 Huius
539 2490 670 2574 generis
708 2489 819 2558 varias
857 2490 1002 2556 rationes
1041 2493 1221 2574 percensui.

82 2601 197 2664 sancte
221 2597 343 2678 aliquid
367 2598 536 2664 adimetur
563 2602 620 2663 aut
643 2599 855 2665 vehementer
882 2599 1090 2679 exclametur,
1115 2599 1185 2666 sive
1210 2600 1263 2665 dib

82 2704 199 2785 aliquis
230 2704 340 2771 verbis
370 2704 523 2770 iubeatur
554 2708 612 2770 aut
643 2704 779 2770 alicuius
807 2705 880 2786 ipsa
913 2707 1017 2771 verba
1046 2710 1254 2788 repetantur,

81 2811 217 2879 veniens
249 2811 456 2877 describatur
484 2831 625 2893 persona
656 2814 714 2877 aut
745 2831 780 2877 se
810 2811 931 2876 ituram
962 2831 1036 2878 esse
1067 2813 1171 2894 dicat,
1204 2814 1263 2880 sivi

82 2919 221 3001 plicetur
245 2918 367 2998 aliquid
390 2918 631 3002 spectatoribus
663 2921 720 2983 aut
744 2917 914 3000 opprobrio
939 2918 1050 2998 detur,
1080 2919 1263 2985 indissoluti

83 3029 244 3106 qnatenus
267 3025 338 3091 fieri
367 3029 478 3108 potest
500 3024 669 3108 perpolitis
699 3024 857 3091 trimetris
886 3044 1045 3107 personae
1073 3027 1263 3106 loquentis·

83 3132 406 3214 comprehenduntur.
445 3133 590 3198 Tertium
614 3133 752 3212 denique
775 3151 879 3215 genus
904 3137 955 3197 est
971 3151 1132 3211 versuum,
1157 3133 1211 3214 qui
1227 3153 1263 3212 co

82 3238 209 3322 poetico
240 3239 292 3306 vel
317 3239 514 3321 descriptivo
545 3238 732 3305 indissoluti
755 3239 809 3306 vel
836 3239 934 3304 meris
958 3259 998 3304 ex
1028 3239 1143 3306 iambis
1168 3240 1262 3306 conso

83 3351 169 3412 sunt.
225 3345 419 3412 Huiusmodi
456 3346 597 3412 trimetri
634 3345 682 3410 illi
720 3349 798 3411 sunt
836 3345 951 3411 rustici
989 3346 1126 3411 bominis
1166 3348 1263 3413 desid

84 3457 276 3518 enarrantes
299 3471 416 3520 versus
440 3451 481 3518 33
499 3472 541 3518 ss.
567 3456 599 3518 et
622 3451 780 3535 fugientis
804 3452 991 3534 Amphithei
1014 3472 1130 3519 versus
1155 3453 1228 3520 203.

188 3559 238 3625 De
261 3558 367 3624 tribus
398 3558 500 3642 igitur
526 3558 746 3625 trimetrorum
768 3558 1035 3624 indissolutorum
1065 3561 1239 3642 generibus

83 3683 136 3729 res
161 3667 228 3744 est,
259 3685 343 3746 quae
367 3665 559 3748 singillatim
589 3684 675 3730 nunc
706 3669 801 3730 erunt
828 3666 1072 3747 pertractanda.
1118 3668 1263 3748 Itaque]

85 3769 147 3834 erit
170 3771 403 3852 demonstrare,
427 3773 583 3852 quomodo
607 3772 738 3856 singula
761 3771 901 3837 artificia
924 3791 1024 3854 supra
1048 3773 1179 3839 detecta
1201 3776 1255 3841 vel

85 3877 191 3944 adhuc
213 3877 302 3943 intra
325 3880 572 3960 unumquodque
595 3899 700 3962 genus
716 3880 857 3947 nondum
873 3882 1020 3945 tractata
1035 3881 1163 3946 lateant
1179 3882 1263 3947 adhil

84 3983 331 4066 Aristophanes,
363 3985 479 4052 deinde
503 4005 595 4067 vero,
627 3990 705 4066 quot
728 4005 838 4051 eorum
862 3986 963 4051 ceteri
986 3986 1081 4051 huius
1106 3987 1226 4052 aetatis

84 4090 245 4172 noverint,
269 4111 401 4173 quorum
425 4093 621 4176 superst'tes
645 4095 801 4158 habemus
825 4092 1001 4159 trimetros.
