2776 4906
577 373 798 446 ..39-

212 576 277 642 άλλ’
300 569 407 658 ὦγάθ’
432 576 504 642 οὐδ’
527 570 568 662 ἢν
590 576 760 660 κάρδοπος
782 570 964 654 Κλεωνύμῳ
1038 571 1121 638 Nub.
1143 568 1211 635 673

210 683 278 748 ἀλλ’
300 682 336 746 ἐν
358 687 447 770 duta
470 681 648 768 στραγγάλῃ
671 679 873 762 ’νεμάττετα

213 793 307 877 δρᾷςς
329 793 467 873 γυναῖκα
489 788 551 872 τὴν
570 787 721 870 Ἀμυνίαν
742 783 860 857 καλεῖς.
1038 785 1120 852 Nub.
1145 783 1209 849 631

170 895 329 963 ,οὔκουν
353 899 486 970 δικαίως
509 888 578 978 ἥτις
603 893 641 958 οὐ
665 893 897 976 στρατεύεται,·

59 1003 115 1087 (ad
139 1001 351 1091 spectatores)
376 1002 463 1087 άτάρ
486 1007 522 1066 τί
541 999 643 1065 ταῦθ’
667 998 689 1062 ά
713 999 843 1072 πάντας
867 999 962 1083 ἴσμεν
983 999 1170 1082 μανθάνω·

213 1114 404 1194 ...δίδωμι
426 1109 534 1192 χιλίας
557 1107 718 1191 δραχμάς.
733 1162 769 1168 -
786 1106 960 1189 δεχόμεθα
1040 1106 1142 1173 Arist.
1166 1105 1207 1173 fr.
1233 1103 1297 1170 100

213 1217 372 1300 δισχίλιαι
394 1213 455 1300 γάρ
479 1213 543 1279 εἰσι
567 1213 629 1278 σάν
652 1216 724 1287 ταῖς
747 1216 872 1277 Νικίου.

215 1324 320 1408 ῥήτωρ
342 1323 405 1407 γάρ
429 1321 500 1386 ἐστι
523 1325 583 1386 νῦν
605 1344 665 1401 τις,
691 1313 729 1384 δν
743 1317 771 1402 γ’
787 1315 879 1383 ’ἐστιν
894 1318 1017 1402 λέγειν,·
1040 1319 1191 1403 Eupolid.
1209 1320 1249 1386 fr.
1273 1318 1315 1385 96

172 1429 232 1494 -ὅ
256 1430 425 1516 Βονζύγης
449 1425 584 1514 άριστος
608 1426 785 1512 ἁλιτήριος.

211 1537 420 1620 Πείσανδρος
443 1533 488 1609 εἰς
510 1532 691 1598 Πακτωλὸν
715 1531 931 1614 ἐστρατεύετο
1039 1534 1189 1617 Eupolid.
1208 1535 1248 1600 fr.
1273 1533 1312 1599 31

171 1643 392 1708 **κάνταῦθα
414 1646 472 1728 τῆς
495 1644 655 1725 στρατιάς
677 1636 830 1713 κάκιστος
852 1627 894 1723 ἦν
917 1639 1011 1723 άνήρ.

212 1754 409 1833 Πνγμαρίων
431 1747 571 1832 λοχαγὸς
594 1748 628 1811 ὲκ
650 1750 718 1810 τῶν
739 1747 920 1831 κανθάρων

213 1860 278 1921 τῶν
296 1856 443 1939 μεζόνων
459 1849 516 1928 οὓς
532 1878 633 1939 φαντι
656 1853 719 1917 τάν
734 1852 856 1917 Αἴτναν
879 1849 975 1934 ἔχειν.
999 1855 1113 1938 Epich.
1122 1855 1161 1922 fr.
1171 1855 1214 1920 57
1223 1855 1331 1943 (Ahr.)

30 2069 33 2077 ,
163 1999 349 2080 Sufficiunt,
381 1999 414 2064 ni
437 1997 544 2077 fallor,
574 1999 658 2063 haec
681 1989 837 2078 exempla.
883 1995 1036 2078 Inprimis
1059 1997 1229 2080 Eupolidis
1252 1998 1333 2064 illud

30 2159 34 2189 ,
83 2108 110 2174 ir.
128 2105 161 2172 31
192 2106 322 2190 dignum
355 2108 421 2184 est,
453 2105 538 2186 quod
569 2102 756 2170 accuratius
788 2102 1022 2170 consideretur.
1067 2105 1106 2170 In
1134 2105 1211 2171 belli
1239 2106 1332 2170 Pelo-

31 2194 36 2273 ]
82 2212 243 2296 pomesiaci
266 2215 376 2278 aetate
400 2222 583 2292 versamur,
615 2230 680 2291 qua
703 2213 792 2276 certe
823 2210 927 2275 multa
954 2210 1085 2276 cantica
1094 2207 1120 2295 1)
1152 2210 1334 2278 huiusmodi

31 2391 37 2414 λγ
82 2319 261 2386 exstiterunt.
306 2319 382 2384 Mea
405 2317 533 2399 quidem
558 2315 724 2383 sententia
747 2316 959 2381 statuendum
982 2319 1034 2382 est
1061 2321 1119 2382 aut
1142 2317 1334 2399 Eupolidem

31 2477 38 2521 ,
64 2426 131 2490 -tele
150 2425 307 2492 canticum
329 2423 492 2490 imitatum
516 2442 589 2490 esse
622 2426 679 2488 aut
702 2421 840 2487 formam
871 2442 908 2488 eo
940 2423 1075 2489 consilio
1099 2424 1334 2506 elegantiorem

80 2532 252 2613 reddidisse,
286 2551 348 2613 quo
383 2531 514 2597 facilius
548 2530 582 2595 hi
616 2549 733 2596 versus
767 2529 922 2595 memoria
955 2532 1147 2596 tenerentur
1182 2535 1215 2597 et
1249 2531 1336 2597 inter

81 2637 194 2705 omniun
217 2658 275 2705 ora
297 2642 519 2706 versarentur.

59 2790 62 2797 <
164 2762 253 2830 Haec
287 2763 386 2828 habui
426 2781 508 2843 quae
548 2762 689 2828 dicerem
728 2763 767 2827 de
803 2761 933 2828 comicis
971 2761 1078 2844 poetis
1117 2762 1340 2844 spectantium.

78 2865 249 2936 irrisoribus.

679 3123 710 3191 3.

164 3248 249 3314 Nota
272 3252 324 3314 est
347 3249 513 3331 grantae,
546 3269 610 3330 qua
632 3249 871 3332 Aristophanes
902 3249 1021 3316 civium
1051 3251 1134 3318 vitia
1162 3273 1202 3319 ac
1229 3274 1335 3321 mores

74 3357 226 3436 corruptos
250 3355 497 3438 vituperaverit.
535 3357 588 3421 Er
603 3357 863 3423 Acharnensium
883 3357 963 3436 loco,
988 3377 1081 3438 quern
1098 3378 1198 3442 supra
1213 3365 1337 3427 tracta-

30 3468 32 3485 '
73 3454 178 3543 vinus,
224 3461 278 3542 qni
317 3466 369 3528 est
408 3461 447 3528 de
490 3463 608 3530 civium
647 3483 727 3547 erga
770 3470 918 3530 oratores
961 3465 1098 3532 blandos
1142 3467 1336 3534 credulitate

71 3557 128 3643 (vv.
150 3564 212 3632 370
237 3586 296 3647 ss,
335 3566 551 3652 cf.pg.12),
589 3570 843 3652 Aristophanem
877 3573 957 3636 tunc
991 3590 1133 3652 quoque,
1169 3586 1240 3639 curn
1274 3575 1336 3640 hoc

71 3672 240 3740 censorium
270 3693 385 3741 munus
414 3679 628 3756 exsequatur,
660 3676 702 3741 ad
733 3677 917 3758 aagendam
948 3678 1105 3743 sermonis
1136 3679 1336 3761 gravitatem

69 3787 173 3844 versus
202 3777 416 3844 indissolutos
448 3779 602 3846 adhibere
634 3781 854 3863 cognovimus.
907 3782 1001 3848 Nunc
1030 3783 1161 3864 quidem
1189 3787 1336 3854 nostrum

68 3876 124 3945 erit
145 3902 301 3966 quaerere
325 3884 452 3952 similia.

67 4051 270 4070 κ..

168 4166 240 4234 1)Βί
259 4167 320 4236 quis
339 4167 459 4224 offendat
486 4169 515 4225 in
539 4167 647 4223 nomine
673 4171 775 4225 cantici
799 4175 885 4239 atque
907 4176 994 4241 neget
1017 4189 1144 4240 umquam
1162 4173 1270 4228 cantica
1287 4177 1337 4231 tri-

64 4253 154 4309 metris
179 4255 304 4311 iambicis
332 4258 485 4327 conscripta
513 4256 663 4327 exstitisse,
691 4275 787 4314 versus
815 4259 945 4329 inspiciat
969 4261 1185 4318 Acharneusium
1212 4264 1282 4318 1182
1301 4282 1335 4320 ss.

67 4326 172 4399 δεινὸν
202 4333 328 4423 ἐξηύδα
357 4337 458 4419 μέλος
488 4364 515 4405 κ.
536 4361 563 4403 τ.
583 4336 632 4418 λ,
668 4347 733 4404 Pae.
752 4351 805 4404 289
824 4364 859 4404 ss.
884 4343 945 4405 νῦν
972 4338 1062 4405 τοῦτ’
1085 4340 1179 4407 ἐκεῖν’
1201 4335 1271 4426 ἣκει
1298 4343 1336 4408 τὸ

66 4416 205 4497 Δάτιδος
225 4422 325 4506 μέλος
347 4450 374 4490 κ.
391 4449 420 4489 τ.
436 4424 465 4489 λ.
