<?xml version="1.0" encoding="UTF-8"?>
<!DOCTYPE html PUBLIC "-//W3C//DTD XHTML 1.0 Transitional//EN"
    "http://www.w3.org/TR/xhtml1/DTD/xhtml1-transitional.dtd">
<html xmlns="http://www.w3.org/1999/xhtml" xml:lang="en" lang="en">
 <head>
  <title>
</title>
<meta http-equiv="Content-Type" content="text/html;charset=utf-8" />
  <meta name='ocr-system' content='tesseract 3.04.00' />
  <meta name='ocr-capabilities' content='ocr_page ocr_carea ocr_par ocr_line ocrx_word'/>
</head>
<body>
  <div class='ocr_page' id='page_1' title='image "./dearistophanist00klaugoog_0015.png"; bbox 0 0 2776 4906; ppageno 0'>
   <div class='ocr_carea' id='block_1_1' title="bbox 593 347 814 415">
    <p class='ocr_par' dir='ltr' id='par_1_1' title="bbox 593 347 814 415">
     <span class='ocr_line' id='line_1_1' title="bbox 593 347 814 415; baseline -0.009 -17"><span class='ocrx_word' id='word_1_1' title='bbox 593 347 814 415; x_wconf 77' lang='lat'>..11-</span> 
     </span>
    </p>
   </div>
   <div class='ocr_carea' id='block_1_2' title="bbox 52 539 1346 942">
    <p class='ocr_par' dir='ltr' id='par_1_2' title="bbox 52 539 1346 942">
     <span class='ocr_line' id='line_1_2' title="bbox 158 539 1345 628; baseline 0.003 -24"><span class='ocrx_word' id='word_1_2' title='bbox 158 539 302 624; x_wconf 74' lang='lat' dir='ltr'>Tragico</span> <span class='ocrx_word' id='word_1_3' title='bbox 325 542 383 609; x_wconf 83' lang='lat' dir='ltr'>vel</span> <span class='ocrx_word' id='word_1_4' title='bbox 407 543 585 628; x_wconf 80' lang='lat' dir='ltr'>grandiore</span> <span class='ocrx_word' id='word_1_5' title='bbox 608 563 688 610; x_wconf 92' lang='lat' dir='ltr'>sono</span> <span class='ocrx_word' id='word_1_6' title='bbox 711 546 765 611; x_wconf 90' lang='lat' dir='ltr'>hic</span> <span class='ocrx_word' id='word_1_7' title='bbox 787 563 903 612; x_wconf 90' lang='lat' dir='ltr'>versus</span> <span class='ocrx_word' id='word_1_8' title='bbox 926 544 1116 609; x_wconf 88' lang='lat' dir='ltr'>recitandus</span> <span class='ocrx_word' id='word_1_9' title='bbox 1140 546 1200 624; x_wconf 89' lang='lat' dir='ltr'>est,</span> <span class='ocrx_word' id='word_1_10' title='bbox 1224 542 1345 626; x_wconf 80' lang='lat' dir='ltr'>tragici</span> 
     </span>
     <span class='ocr_line' id='line_1_3' title="bbox 52 647 1346 737; baseline 0.005 -29"><span class='ocrx_word' id='word_1_11' title='bbox 52 647 214 713; x_wconf 83' lang='lat' dir='ltr'>sermonis</span> <span class='ocrx_word' id='word_1_12' title='bbox 238 667 329 715; x_wconf 92' lang='lat' dir='ltr'>more</span> <span class='ocrx_word' id='word_1_13' title='bbox 352 652 459 717; x_wconf 85' lang='lat' dir='ltr'>verba</span> <span class='ocrx_word' id='word_1_14' title='bbox 483 655 561 717; x_wconf 90' lang='lat' dir='ltr'>sunt</span> <span class='ocrx_word' id='word_1_15' title='bbox 585 653 746 718; x_wconf 89' lang='lat' dir='ltr'>collocata</span> <span class='ocrx_word' id='word_1_16' title='bbox 776 650 856 737; x_wconf 82' lang='grc' dir='ltr'><em>(μοῦ</em></span> <span class='ocrx_word' id='word_1_17' title='bbox 880 698 888 714; x_wconf 88' lang='grc'><strong>.</strong></span> <span class='ocrx_word' id='word_1_18' title='bbox 913 699 920 712; x_wconf 95' lang='grc'><strong>.</strong></span> <span class='ocrx_word' id='word_1_19' title='bbox 948 649 1038 734; x_wconf 77' lang='grc' dir='ltr'>,τὴν</span> <span class='ocrx_word' id='word_1_20' title='bbox 1060 647 1227 734; x_wconf 82' lang='grc' dir='ltr'><strong><em>καρδίαν),</em></strong></span> <span class='ocrx_word' id='word_1_21' title='bbox 1259 650 1346 730; x_wconf 86' lang='lat' dir='ltr'>quod</span> 
     </span>
     <span class='ocr_line' id='line_1_4' title="bbox 53 752 1346 849; baseline 0.005 -34"><span class='ocrx_word' id='word_1_22' title='bbox 53 752 144 817; x_wconf 83' lang='lat' dir='ltr'>certe</span> <span class='ocrx_word' id='word_1_23' title='bbox 169 753 272 820; x_wconf 90' lang='lat' dir='ltr'>risum</span> <span class='ocrx_word' id='word_1_24' title='bbox 295 757 401 823; x_wconf 89' lang='lat' dir='ltr'>movit</span> <span class='ocrx_word' id='word_1_25' title='bbox 425 757 614 824; x_wconf 85' lang='lat' dir='ltr'>artificium:</span> <span class='ocrx_word' id='word_1_26' title='bbox 642 760 785 849; x_wconf 89' lang='lat' dir='ltr'>rusticus</span> <span class='ocrx_word' id='word_1_27' title='bbox 808 762 910 838; x_wconf 94' lang='lat' dir='ltr'>homo,</span> <span class='ocrx_word' id='word_1_28' title='bbox 935 757 989 838; x_wconf 89' lang='lat' dir='ltr'>qui</span> <span class='ocrx_word' id='word_1_29' title='bbox 1012 757 1161 840; x_wconf 74' lang='lat' dir='ltr'>tragicae</span> <span class='ocrx_word' id='word_1_30' title='bbox 1184 776 1346 839; x_wconf 82' lang='lat' dir='ltr'>personae</span> 
     </span>
     <span class='ocr_line' id='line_1_5' title="bbox 54 861 714 942; baseline 0.017 -21"><span class='ocrx_word' id='word_1_31' title='bbox 54 861 338 942; x_wconf 82' lang='lat' dir='ltr'>magnificentiam</span> <span class='ocrx_word' id='word_1_32' title='bbox 361 865 511 931; x_wconf 79' lang='lat' dir='ltr'>imitatur</span> <span class='ocrx_word' id='word_1_33' title='bbox 532 868 714 933; x_wconf 89' lang='lat' dir='ltr'>verborum.</span> 
     </span>
    </p>
   </div>
   <div class='ocr_carea' id='block_1_3' title="bbox 65 987 1348 1496">
    <p class='ocr_par' dir='ltr' id='par_1_3' title="bbox 65 987 1348 1496">
     <span class='ocr_line' id='line_1_6' title="bbox 165 987 774 1073; baseline 0.007 -21"><span class='ocrx_word' id='word_1_34' title='bbox 165 987 332 1073; x_wconf 77' lang='lat' dir='ltr'>Deinceps</span> <span class='ocrx_word' id='word_1_35' title='bbox 356 989 525 1057; x_wconf 87' lang='lat' dir='ltr'>videamus</span> <span class='ocrx_word' id='word_1_36' title='bbox 549 1010 666 1058; x_wconf 86' lang='lat' dir='ltr'>versus</span> <span class='ocrx_word' id='word_1_37' title='bbox 690 990 732 1055; x_wconf 72' lang='lat' dir='ltr'>2ss</span> <span class='ocrx_word' id='word_1_38' title='bbox 749 1010 774 1056; x_wconf 91' lang='lat' dir='ltr'>s.</span> 
     </span>
     <span class='ocr_line' id='line_1_7' title="bbox 222 1089 854 1183; baseline -0.008 -19"><span class='ocrx_word' id='word_1_39' title='bbox 222 1093 684 1183; x_wconf 49' lang='lat' dir='ltr'>wa—la—„sc‘pojvp</span> <span class='ocrx_word' id='word_1_40' title='bbox 709 1096 738 1160; x_wconf 76' lang='grc' dir='ltr'>δ’</span> <span class='ocrx_word' id='word_1_41' title='bbox 763 1089 854 1170; x_wconf 73' lang='grc' dir='ltr'><em>ὅπως</em></span> 
     </span>
     <span class='ocr_line' id='line_1_8' title="bbox 221 1197 971 1285; baseline 0.001 -21"><span class='ocrx_word' id='word_1_42' title='bbox 221 1197 320 1266; x_wconf 75' lang='grc' dir='ltr'><em>’ἔσται</em></span> <span class='ocrx_word' id='word_1_43' title='bbox 343 1202 526 1285; x_wconf 75' lang='grc' dir='ltr'><em>προτιμῶσ’</em></span> <span class='ocrx_word' id='word_1_44' title='bbox 550 1202 664 1266; x_wconf 77' lang='grc' dir='ltr'><em>οὐδέν·</em></span> <span class='ocrx_word' id='word_1_45' title='bbox 690 1197 716 1266; x_wconf 69' lang='grc' dir='ltr'>οῗ</span> <span class='ocrx_word' id='word_1_46' title='bbox 740 1203 839 1276; x_wconf 79' lang='grc' dir='ltr'><em>πόλις</em></span> <span class='ocrx_word' id='word_1_47' title='bbox 862 1202 971 1276; x_wconf 82' lang='grc' dir='ltr'><strong><em>πόλις.</em></strong></span> 
     </span>
     <span class='ocr_line' id='line_1_9' title="bbox 65 1304 1348 1394; baseline 0.002 -23"><span class='ocrx_word' id='word_1_48' title='bbox 65 1304 270 1391; x_wconf 86' lang='lat' dir='ltr'>Dicaeopolis</span> <span class='ocrx_word' id='word_1_49' title='bbox 294 1310 384 1377; x_wconf 87' lang='lat' dir='ltr'>cives</span> <span class='ocrx_word' id='word_1_50' title='bbox 408 1314 559 1393; x_wconf 82' lang='lat' dir='ltr'>accusat3</span> <span class='ocrx_word' id='word_1_51' title='bbox 590 1331 743 1394; x_wconf 85' lang='lat' dir='ltr'>magnum</span> <span class='ocrx_word' id='word_1_52' title='bbox 767 1310 973 1392; x_wconf 90' lang='lat' dir='ltr'>opprobrium</span> <span class='ocrx_word' id='word_1_53' title='bbox 1001 1313 1069 1390; x_wconf 89' lang='lat' dir='ltr'>est,</span> <span class='ocrx_word' id='word_1_54' title='bbox 1100 1310 1186 1390; x_wconf 87' lang='lat' dir='ltr'>quod</span> <span class='ocrx_word' id='word_1_55' title='bbox 1216 1309 1348 1392; x_wconf 85' lang='lat' dir='ltr'>tragica</span> 
     </span>
     <span class='ocr_line' id='line_1_10' title="bbox 69 1415 656 1496; baseline 0.009 -16"><span class='ocrx_word' id='word_1_56' title='bbox 69 1415 231 1496; x_wconf 85' lang='lat' dir='ltr'>gravitate</span> <span class='ocrx_word' id='word_1_57' title='bbox 253 1416 348 1483; x_wconf 79' lang='lat' dir='ltr'>inicit</span> <span class='ocrx_word' id='word_1_58' title='bbox 370 1418 404 1483; x_wconf 92' lang='lat' dir='ltr'>in</span> <span class='ocrx_word' id='word_1_59' title='bbox 427 1419 656 1485; x_wconf 86' lang='lat' dir='ltr'>Athenienses.</span> 
     </span>
    </p>
   </div>
   <div class='ocr_carea' id='block_1_4' title="bbox 76 1541 1348 1713">
    <p class='ocr_par' dir='ltr' id='par_1_4' title="bbox 76 1541 1348 1713">
     <span class='ocr_line' id='line_1_11' title="bbox 173 1541 1348 1626; baseline 0.001 -21"><span class='ocrx_word' id='word_1_60' title='bbox 173 1542 274 1606; x_wconf 86' lang='lat' dir='ltr'>Multo</span> <span class='ocrx_word' id='word_1_61' title='bbox 290 1562 369 1609; x_wconf 87' lang='lat' dir='ltr'>vero</span> <span class='ocrx_word' id='word_1_62' title='bbox 386 1543 490 1626; x_wconf 79' lang='lat' dir='ltr'>magis</span> <span class='ocrx_word' id='word_1_63' title='bbox 507 1563 603 1624; x_wconf 87' lang='lat' dir='ltr'>quam</span> <span class='ocrx_word' id='word_1_64' title='bbox 619 1545 768 1609; x_wconf 87' lang='lat' dir='ltr'>Athenas</span> <span class='ocrx_word' id='word_1_65' title='bbox 791 1542 877 1608; x_wconf 86' lang='lat' dir='ltr'>ruris</span> <span class='ocrx_word' id='word_1_66' title='bbox 901 1542 1133 1608; x_wconf 85' lang='lat' dir='ltr'>amoenitatem</span> <span class='ocrx_word' id='word_1_67' title='bbox 1149 1561 1189 1607; x_wconf 87' lang='lat' dir='ltr'>ac</span> <span class='ocrx_word' id='word_1_68' title='bbox 1205 1541 1348 1622; x_wconf 86' lang='lat' dir='ltr'>quietem</span> 
     </span>
     <span class='ocr_line' id='line_1_12' title="bbox 76 1646 247 1713; baseline 0.006 -2"><span class='ocrx_word' id='word_1_69' title='bbox 76 1646 247 1713; x_wconf 85' lang='lat' dir='ltr'>desiderat:</span> 
     </span>
    </p>
   </div>
   <div class='ocr_carea' id='block_1_5' title="bbox 205 1755 1114 2268">
    <p class='ocr_par' dir='ltr' id='par_1_5' title="bbox 205 1755 1114 2268">
     <span class='ocr_line' id='line_1_13' title="bbox 812 1755 1114 1842; baseline 0.01 -24"><span class='ocrx_word' id='word_1_70' title='bbox 812 1755 1011 1842; x_wconf 77' lang='grc' dir='ltr'>(λογίζομαι)</span> <span class='ocrx_word' id='word_1_71' title='bbox 1042 1755 1114 1842; x_wconf 73' lang='grc'>(31)</span> 
     </span>
     <span class='ocr_line' id='line_1_14' title="bbox 227 1859 1100 1946; baseline 0.001 -21"><span class='ocrx_word' id='word_1_72' title='bbox 227 1866 351 1945; x_wconf 82' lang='grc' dir='ltr'><strong><em>στυγῶν</em></strong></span> <span class='ocrx_word' id='word_1_73' title='bbox 365 1861 427 1944; x_wconf 79' lang='grc' dir='ltr'>μὲν</span> <span class='ocrx_word' id='word_1_74' title='bbox 443 1859 541 1942; x_wconf 75' lang='grc' dir='ltr'><em>ἄσιν,</em></span> <span class='ocrx_word' id='word_1_75' title='bbox 565 1863 670 1928; x_wconf 81' lang='grc' dir='ltr'><em>τόνδ’</em></span> <span class='ocrx_word' id='word_1_76' title='bbox 691 1863 771 1946; x_wconf 76' lang='grc' dir='ltr'><em>ἐμὸν</em></span> <span class='ocrx_word' id='word_1_77' title='bbox 787 1866 894 1945; x_wconf 79' lang='grc' dir='ltr'><em>δῆμον</em></span> <span class='ocrx_word' id='word_1_78' title='bbox 911 1867 1034 1926; x_wconf 71' lang='grc' dir='ltr'><em>ποθῶν</em></span> <span class='ocrx_word' id='word_1_79' title='bbox 1058 1862 1100 1926; x_wconf 80' lang='lat'>33</span> 
     </span>
     <span class='ocr_line' id='line_1_15' title="bbox 227 1961 960 2054; baseline -0.003 -22"><span class='ocrx_word' id='word_1_80' title='bbox 227 1967 262 2042; x_wconf 84' lang='grc' dir='ltr'>ὃς</span> <span class='ocrx_word' id='word_1_81' title='bbox 286 1967 497 2033; x_wconf 79' lang='grc' dir='ltr'><em>οὐδεπώποτ’</em></span> <span class='ocrx_word' id='word_1_82' title='bbox 513 1961 607 2034; x_wconf 82' lang='grc' dir='ltr'><em>εἶπεν</em></span> <span class='ocrx_word' id='word_1_83' title='bbox 630 1968 822 2054; x_wconf 66' lang='grc' dir='ltr'><em>,,ἁ’νι9ρακας</em></span> <span class='ocrx_word' id='word_1_84' title='bbox 847 1971 960 2053; x_wconf 72' lang='grc' dir='ltr'><em>πρίω“,</em></span> 
     </span>
     <span class='ocr_line' id='line_1_16' title="bbox 227 2071 1008 2163; baseline 0 -25"><span class='ocrx_word' id='word_1_85' title='bbox 227 2074 283 2138; x_wconf 77' lang='grc' dir='ltr'>οὐκ</span> <span class='ocrx_word' id='word_1_86' title='bbox 306 2071 419 2157; x_wconf 77' lang='grc' dir='ltr'>,,ὂ’ξος“</span> <span class='ocrx_word' id='word_1_87' title='bbox 445 2075 502 2141; x_wconf 80' lang='grc' dir='ltr'>οὐκ</span> <span class='ocrx_word' id='word_1_88' title='bbox 525 2074 675 2159; x_wconf 55' lang='lat' dir='ltr'>„Atatem</span> <span class='ocrx_word' id='word_1_89' title='bbox 701 2075 770 2139; x_wconf 83' lang='grc' dir='ltr'><em>οὐδ’</em></span> <span class='ocrx_word' id='word_1_90' title='bbox 793 2073 857 2163; x_wconf 79' lang='grc' dir='ltr'>ᾔδη</span> <span class='ocrx_word' id='word_1_91' title='bbox 882 2078 1008 2160; x_wconf 77' lang='grc' dir='ltr'><em>,,πριόι“</em></span> 
     </span>
     <span class='ocr_line' id='line_1_17' title="bbox 205 2180 1004 2268; baseline 0.003 -24"><span class='ocrx_word' id='word_1_92' title='bbox 205 2180 298 2244; x_wconf 77' lang='grc' dir='ltr'><strong><em>*ἀλλ’</em></strong></span> <span class='ocrx_word' id='word_1_93' title='bbox 322 2181 421 2256; x_wconf 81' lang='grc' dir='ltr'><em>αὐτὸς</em></span> <span class='ocrx_word' id='word_1_94' title='bbox 444 2180 542 2268; x_wconf 82' lang='grc' dir='ltr'><em>’ἑφερε</em></span> <span class='ocrx_word' id='word_1_95' title='bbox 565 2185 679 2247; x_wconf 86' lang='grc' dir='ltr'><em>πάντα</em></span> <span class='ocrx_word' id='word_1_96' title='bbox 702 2182 748 2265; x_wconf 76' lang='grc' dir='ltr'><strong><em>χώ</em></strong></span> <span class='ocrx_word' id='word_1_97' title='bbox 772 2188 878 2266; x_wconf 85' lang='grc' dir='ltr'><em>πρίων</em></span> <span class='ocrx_word' id='word_1_98' title='bbox 903 2182 1004 2266; x_wconf 75' lang='grc' dir='ltr'><em>ἀπῆν.</em></span> 
     </span>
    </p>
   </div>
   <div class='ocr_carea' id='block_1_6' title="bbox 89 2307 1346 2588">
    <p class='ocr_par' dir='ltr' id='par_1_6' title="bbox 89 2307 1346 2588">
     <span class='ocr_line' id='line_1_18' title="bbox 89 2307 1346 2393; baseline 0.002 -18"><span class='ocrx_word' id='word_1_99' title='bbox 89 2308 196 2375; x_wconf 85' lang='lat' dir='ltr'>Rustici</span> <span class='ocrx_word' id='word_1_100' title='bbox 227 2307 364 2373; x_wconf 91' lang='lat' dir='ltr'>hominis</span> <span class='ocrx_word' id='word_1_101' title='bbox 400 2308 594 2374; x_wconf 87' lang='lat' dir='ltr'>desiderium</span> <span class='ocrx_word' id='word_1_102' title='bbox 634 2329 712 2377; x_wconf 86' lang='lat' dir='ltr'>vere</span> <span class='ocrx_word' id='word_1_103' title='bbox 746 2308 876 2392; x_wconf 86' lang='lat' dir='ltr'>poetica</span> <span class='ocrx_word' id='word_1_104' title='bbox 912 2311 982 2373; x_wconf 88' lang='lat' dir='ltr'>arte</span> <span class='ocrx_word' id='word_1_105' title='bbox 1018 2308 1257 2393; x_wconf 85' lang='lat' dir='ltr'>Aristophanes</span> <span class='ocrx_word' id='word_1_106' title='bbox 1293 2311 1346 2377; x_wconf 87' lang='lat' dir='ltr'>de-</span> 
     </span>
     <span class='ocr_line' id='line_1_19' title="bbox 91 2415 1346 2499; baseline 0 -18"><span class='ocrx_word' id='word_1_107' title='bbox 91 2415 200 2498; x_wconf 87' lang='lat' dir='ltr'>scripsit</span> <span class='ocrx_word' id='word_1_108' title='bbox 220 2416 371 2482; x_wconf 89' lang='lat' dir='ltr'>versibus</span> <span class='ocrx_word' id='word_1_109' title='bbox 396 2415 585 2499; x_wconf 84' lang='lat' dir='ltr'>diligentius</span> <span class='ocrx_word' id='word_1_110' title='bbox 609 2416 792 2498; x_wconf 89' lang='lat' dir='ltr'>perpolitis,</span> <span class='ocrx_word' id='word_1_111' title='bbox 821 2435 955 2496; x_wconf 86' lang='lat' dir='ltr'>quorum</span> <span class='ocrx_word' id='word_1_112' title='bbox 979 2415 1112 2480; x_wconf 88' lang='lat' dir='ltr'>ultimus</span> <span class='ocrx_word' id='word_1_113' title='bbox 1136 2418 1225 2482; x_wconf 91' lang='lat' dir='ltr'>solus</span> <span class='ocrx_word' id='word_1_114' title='bbox 1249 2437 1346 2482; x_wconf 93' lang='lat' dir='ltr'>unam</span> 
     </span>
     <span class='ocr_line' id='line_1_20' title="bbox 92 2521 439 2588; baseline 0 -1"><span class='ocrx_word' id='word_1_115' title='bbox 92 2522 213 2587; x_wconf 89' lang='lat' dir='ltr'>continet</span> <span class='ocrx_word' id='word_1_116' title='bbox 235 2521 439 2588; x_wconf 75' lang='lat' dir='ltr'>solutionem,</span> 
     </span>
    </p>
   </div>
   <div class='ocr_carea' id='block_1_7' title="bbox 42 2647 1348 4468">
    <p class='ocr_par' dir='ltr' id='par_1_7' title="bbox 87 2647 1348 3794">
     <span class='ocr_line' id='line_1_21' title="bbox 176 2647 1347 2732; baseline 0.002 -20"><span class='ocrx_word' id='word_1_117' title='bbox 176 2648 220 2713; x_wconf 87' lang='lat' dir='ltr'>Ne</span> <span class='ocrx_word' id='word_1_118' title='bbox 244 2647 315 2728; x_wconf 88' lang='lat' dir='ltr'>quis</span> <span class='ocrx_word' id='word_1_119' title='bbox 340 2647 484 2713; x_wconf 87' lang='lat' dir='ltr'>offendat</span> <span class='ocrx_word' id='word_1_120' title='bbox 506 2648 540 2712; x_wconf 93' lang='lat' dir='ltr'>in</span> <span class='ocrx_word' id='word_1_121' title='bbox 564 2650 625 2713; x_wconf 90' lang='lat' dir='ltr'>hoo</span> <span class='ocrx_word' id='word_1_122' title='bbox 648 2667 746 2714; x_wconf 89' lang='lat' dir='ltr'>versu</span> <span class='ocrx_word' id='word_1_123' title='bbox 770 2647 915 2732; x_wconf 86' lang='lat' dir='ltr'>tragico,</span> <span class='ocrx_word' id='word_1_124' title='bbox 947 2667 1041 2728; x_wconf 90' lang='lat' dir='ltr'>quem</span> <span class='ocrx_word' id='word_1_125' title='bbox 1069 2648 1179 2730; x_wconf 87' lang='lat' dir='ltr'>attuli,</span> <span class='ocrx_word' id='word_1_126' title='bbox 1211 2668 1281 2713; x_wconf 94' lang='lat' dir='ltr'>cum</span> <span class='ocrx_word' id='word_1_127' title='bbox 1307 2648 1347 2714; x_wconf 91' lang='lat' dir='ltr'>de</span> 
     </span>
     <span class='ocr_line' id='line_1_22' title="bbox 89 2753 1346 2838; baseline 0 -18"><span class='ocrx_word' id='word_1_128' title='bbox 89 2753 216 2820; x_wconf 84' lang='lat' dir='ltr'>versibus</span> <span class='ocrx_word' id='word_1_129' title='bbox 245 2753 449 2820; x_wconf 91' lang='lat' dir='ltr'>indissolutis</span> <span class='ocrx_word' id='word_1_130' title='bbox 485 2775 585 2838; x_wconf 85' lang='lat' dir='ltr'>agere</span> <span class='ocrx_word' id='word_1_131' title='bbox 616 2755 694 2820; x_wconf 89' lang='lat' dir='ltr'>mihi</span> <span class='ocrx_word' id='word_1_132' title='bbox 723 2754 958 2837; x_wconf 89' lang='lat' dir='ltr'>proposuerim,</span> <span class='ocrx_word' id='word_1_133' title='bbox 993 2757 1075 2820; x_wconf 88' lang='lat' dir='ltr'>haec</span> <span class='ocrx_word' id='word_1_134' title='bbox 1106 2755 1183 2820; x_wconf 93' lang='lat' dir='ltr'>mihi</span> <span class='ocrx_word' id='word_1_135' title='bbox 1212 2755 1246 2820; x_wconf 94' lang='lat' dir='ltr'>in</span> <span class='ocrx_word' id='word_1_136' title='bbox 1277 2755 1346 2820; x_wconf 94' lang='lat' dir='ltr'>uni-</span> 
     </span>
     <span class='ocr_line' id='line_1_23' title="bbox 89 2861 1346 2945; baseline 0.001 -20"><span class='ocrx_word' id='word_1_137' title='bbox 89 2878 196 2926; x_wconf 86' lang='lat' dir='ltr'>versnm</span> <span class='ocrx_word' id='word_1_138' title='bbox 226 2861 467 2943; x_wconf 88' lang='lat' dir='ltr'>praemittenda</span> <span class='ocrx_word' id='word_1_139' title='bbox 498 2866 583 2928; x_wconf 93' lang='lat' dir='ltr'>sunt.</span> <span class='ocrx_word' id='word_1_140' title='bbox 633 2862 833 2945; x_wconf 87' lang='lat' dir='ltr'>Diligentius</span> <span class='ocrx_word' id='word_1_141' title='bbox 865 2863 922 2927; x_wconf 89' lang='lat' dir='ltr'>hos</span> <span class='ocrx_word' id='word_1_142' title='bbox 954 2862 1119 2928; x_wconf 87' lang='lat' dir='ltr'>trimetros</span> <span class='ocrx_word' id='word_1_143' title='bbox 1151 2862 1346 2944; x_wconf 90' lang='lat' dir='ltr'>compositos</span> 
     </span>
     <span class='ocr_line' id='line_1_24' title="bbox 90 2967 1346 3049; baseline 0.002 -17"><span class='ocrx_word' id='word_1_144' title='bbox 90 2985 147 3032; x_wconf 89' lang='lat' dir='ltr'>csse</span> <span class='ocrx_word' id='word_1_145' title='bbox 168 2971 262 3049; x_wconf 89' lang='lat' dir='ltr'>atque</span> <span class='ocrx_word' id='word_1_146' title='bbox 284 2967 372 3033; x_wconf 90' lang='lat' dir='ltr'>inter</span> <span class='ocrx_word' id='word_1_147' title='bbox 399 2987 552 3035; x_wconf 88' lang='lat' dir='ltr'>versuum</span> <span class='ocrx_word' id='word_1_148' title='bbox 582 2969 717 3034; x_wconf 85' lang='lat' dir='ltr'>laxioris</span> <span class='ocrx_word' id='word_1_149' title='bbox 750 2969 832 3034; x_wconf 88' lang='lat' dir='ltr'>artis</span> <span class='ocrx_word' id='word_1_150' title='bbox 864 2968 1101 3034; x_wconf 88' lang='lat' dir='ltr'>multitudinem</span> <span class='ocrx_word' id='word_1_151' title='bbox 1133 2968 1268 3036; x_wconf 86' lang='lat' dir='ltr'>suavius</span> <span class='ocrx_word' id='word_1_152' title='bbox 1292 2968 1346 3034; x_wconf 92' lang='lat' dir='ltr'>de-</span> 
     </span>
     <span class='ocr_line' id='line_1_25' title="bbox 89 3073 1346 3157; baseline 0.001 -19"><span class='ocrx_word' id='word_1_153' title='bbox 89 3073 207 3140; x_wconf 87' lang='lat' dir='ltr'>currisse</span> <span class='ocrx_word' id='word_1_154' title='bbox 237 3074 280 3139; x_wconf 85' lang='lat' dir='ltr'>ad</span> <span class='ocrx_word' id='word_1_155' title='bbox 304 3093 400 3140; x_wconf 90' lang='lat' dir='ltr'>aures</span> <span class='ocrx_word' id='word_1_156' title='bbox 430 3075 613 3141; x_wconf 87' lang='lat' dir='ltr'>auditorum</span> <span class='ocrx_word' id='word_1_157' title='bbox 641 3095 733 3141; x_wconf 91' lang='lat' dir='ltr'>nemo</span> <span class='ocrx_word' id='word_1_158' title='bbox 763 3079 815 3140; x_wconf 92' lang='lat' dir='ltr'>est</span> <span class='ocrx_word' id='word_1_159' title='bbox 845 3075 899 3155; x_wconf 93' lang='lat' dir='ltr'>qui</span> <span class='ocrx_word' id='word_1_160' title='bbox 922 3081 1031 3157; x_wconf 84' lang='lat' dir='ltr'>neget.</span> <span class='ocrx_word' id='word_1_161' title='bbox 1077 3075 1200 3141; x_wconf 84' lang='lat' dir='ltr'>Evenit</span> <span class='ocrx_word' id='word_1_162' title='bbox 1228 3075 1346 3140; x_wconf 87' lang='lat' dir='ltr'>solutio</span> 
     </span>
     <span class='ocr_line' id='line_1_26' title="bbox 89 3179 1346 3263; baseline 0.002 -19"><span class='ocrx_word' id='word_1_163' title='bbox 89 3198 140 3246; x_wconf 89' lang='lat' dir='ltr'>una</span> <span class='ocrx_word' id='word_1_164' title='bbox 158 3180 187 3246; x_wconf 94' lang='lat' dir='ltr'>in</span> <span class='ocrx_word' id='word_1_165' title='bbox 210 3200 309 3247; x_wconf 88' lang='lat' dir='ltr'>versu</span> <span class='ocrx_word' id='word_1_166' title='bbox 333 3179 384 3248; x_wconf 80' lang='lat'>36.</span> <span class='ocrx_word' id='word_1_167' title='bbox 431 3181 588 3247; x_wconf 91' lang='lat' dir='ltr'>Nimirum</span> <span class='ocrx_word' id='word_1_168' title='bbox 612 3203 652 3247; x_wconf 89' lang='lat' dir='ltr'>ea</span> <span class='ocrx_word' id='word_1_169' title='bbox 674 3183 811 3247; x_wconf 89' lang='lat' dir='ltr'>libertas</span> <span class='ocrx_word' id='word_1_170' title='bbox 842 3184 960 3263; x_wconf 89' lang='lat' dir='ltr'>poetae</span> <span class='ocrx_word' id='word_1_171' title='bbox 984 3180 1063 3262; x_wconf 87' lang='lat' dir='ltr'>fuit,</span> <span class='ocrx_word' id='word_1_172' title='bbox 1095 3185 1131 3245; x_wconf 96' lang='lat' dir='ltr'>ut</span> <span class='ocrx_word' id='word_1_173' title='bbox 1155 3201 1219 3246; x_wconf 92' lang='lat' dir='ltr'>non</span> <span class='ocrx_word' id='word_1_174' title='bbox 1244 3183 1346 3247; x_wconf 90' lang='lat' dir='ltr'>solum</span> 
     </span>
     <span class='ocr_line' id='line_1_27' title="bbox 89 3287 1347 3369; baseline 0.002 -18"><span class='ocrx_word' id='word_1_175' title='bbox 89 3287 224 3369; x_wconf 83' lang='lat' dir='ltr'>tragicos,</span> <span class='ocrx_word' id='word_1_176' title='bbox 255 3287 314 3353; x_wconf 92' lang='lat' dir='ltr'>sed</span> <span class='ocrx_word' id='word_1_177' title='bbox 337 3288 437 3354; x_wconf 88' lang='lat' dir='ltr'>etiam</span> <span class='ocrx_word' id='word_1_178' title='bbox 460 3289 599 3354; x_wconf 92' lang='lat' dir='ltr'>comicos</span> <span class='ocrx_word' id='word_1_179' title='bbox 624 3289 804 3368; x_wconf 86' lang='lat' dir='ltr'>trimetros,</span> <span class='ocrx_word' id='word_1_180' title='bbox 835 3288 890 3353; x_wconf 92' lang='lat' dir='ltr'>ubi</span> <span class='ocrx_word' id='word_1_181' title='bbox 913 3289 1076 3369; x_wconf 89' lang='lat' dir='ltr'>placebat,</span> <span class='ocrx_word' id='word_1_182' title='bbox 1099 3287 1187 3353; x_wconf 89' lang='lat' dir='ltr'>inter</span> <span class='ocrx_word' id='word_1_183' title='bbox 1210 3288 1347 3354; x_wconf 88' lang='lat' dir='ltr'>indisso-</span> 
     </span>
     <span class='ocr_line' id='line_1_28' title="bbox 87 3390 1348 3476; baseline 0.003 -21"><span class='ocrx_word' id='word_1_184' title='bbox 87 3390 157 3457; x_wconf 89' lang='lat' dir='ltr'>lutos</span> <span class='ocrx_word' id='word_1_185' title='bbox 179 3393 361 3460; x_wconf 90' lang='lat' dir='ltr'>collocaret.</span> <span class='ocrx_word' id='word_1_186' title='bbox 407 3395 558 3474; x_wconf 85' lang='lat' dir='ltr'>Accedit,</span> <span class='ocrx_word' id='word_1_187' title='bbox 590 3395 675 3476; x_wconf 91' lang='lat' dir='ltr'>quod</span> <span class='ocrx_word' id='word_1_188' title='bbox 702 3395 790 3460; x_wconf 90' lang='lat' dir='ltr'>inter</span> <span class='ocrx_word' id='word_1_189' title='bbox 813 3394 973 3460; x_wconf 87' lang='lat' dir='ltr'>vocabula</span> <span class='ocrx_word' id='word_1_190' title='bbox 997 3393 1113 3474; x_wconf 88' lang='lat' dir='ltr'>quibus</span> <span class='ocrx_word' id='word_1_191' title='bbox 1137 3394 1276 3460; x_wconf 90' lang='lat' dir='ltr'>comicos</span> <span class='ocrx_word' id='word_1_192' title='bbox 1299 3396 1348 3459; x_wconf 88' lang='lat' dir='ltr'>uti</span> 
     </span>
     <span class='ocr_line' id='line_1_29' title="bbox 89 3499 1347 3582; baseline 0.002 -21"><span class='ocrx_word' id='word_1_193' title='bbox 89 3514 202 3564; x_wconf 87' lang='lat' dir='ltr'>necesse</span> <span class='ocrx_word' id='word_1_194' title='bbox 224 3503 292 3579; x_wconf 91' lang='lat' dir='ltr'>est,</span> <span class='ocrx_word' id='word_1_195' title='bbox 323 3501 480 3565; x_wconf 87' lang='lat' dir='ltr'>nonnulla</span> <span class='ocrx_word' id='word_1_196' title='bbox 511 3504 588 3566; x_wconf 91' lang='lat' dir='ltr'>sunt</span> <span class='ocrx_word' id='word_1_197' title='bbox 612 3500 739 3565; x_wconf 90' lang='lat' dir='ltr'>omnino</span> <span class='ocrx_word' id='word_1_198' title='bbox 772 3519 836 3565; x_wconf 93' lang='lat' dir='ltr'>non</span> <span class='ocrx_word' id='word_1_199' title='bbox 868 3503 947 3582; x_wconf 88' lang='lat' dir='ltr'>apta</span> <span class='ocrx_word' id='word_1_200' title='bbox 971 3508 1072 3565; x_wconf 89' lang='lat' dir='ltr'>metro</span> <span class='ocrx_word' id='word_1_201' title='bbox 1096 3518 1176 3582; x_wconf 90' lang='lat' dir='ltr'>puro</span> <span class='ocrx_word' id='word_1_202' title='bbox 1200 3499 1347 3580; x_wconf 86' lang='lat' dir='ltr'>iambico,</span> 
     </span>
     <span class='ocr_line' id='line_1_30' title="bbox 89 3603 1346 3693; baseline 0.002 -27"><span class='ocrx_word' id='word_1_203' title='bbox 89 3618 162 3685; x_wconf 74' lang='lat' dir='ltr'>ugr.</span> <span class='ocrx_word' id='word_1_204' title='bbox 179 3606 338 3671; x_wconf 80' lang='lat' dir='ltr'>vocabula</span> <span class='ocrx_word' id='word_1_205' title='bbox 361 3603 465 3691; x_wconf 78' lang='grc' dir='ltr'><em>α’γορά</em></span> <span class='ocrx_word' id='word_1_206' title='bbox 491 3605 663 3689; x_wconf 78' lang='grc' dir='ltr'><em>ἀγοράζειν</em></span> <span class='ocrx_word' id='word_1_207' title='bbox 687 3605 764 3686; x_wconf 75' lang='lat' dir='ltr'>sim,</span> <span class='ocrx_word' id='word_1_208' title='bbox 790 3605 949 3685; x_wconf 81' lang='grc' dir='ltr'><em>πρύτανις</em></span> <span class='ocrx_word' id='word_1_209' title='bbox 973 3608 1184 3688; x_wconf 83' lang='grc' dir='ltr'><em>πρυτανεῖον,</em></span> <span class='ocrx_word' id='word_1_210' title='bbox 1209 3605 1346 3693; x_wconf 72' lang='grc' dir='ltr'><em>νεφέλη,</em></span> 
     </span>
     <span class='ocr_line' id='line_1_31' title="bbox 87 3706 1347 3794; baseline 0.005 -27"><span class='ocrx_word' id='word_1_211' title='bbox 87 3706 247 3791; x_wconf 74' lang='grc' dir='ltr'><em>θεράπων,</em></span> <span class='ocrx_word' id='word_1_212' title='bbox 289 3709 461 3794; x_wconf 78' lang='grc' dir='ltr'><em>μειράκιον</em></span> <span class='ocrx_word' id='word_1_213' title='bbox 500 3712 628 3793; x_wconf 88' lang='lat' dir='ltr'>aliaque</span> <span class='ocrx_word' id='word_1_214' title='bbox 668 3712 870 3779; x_wconf 86' lang='lat' dir='ltr'>deminutiva</span> <span class='ocrx_word' id='word_1_215' title='bbox 908 3710 1081 3790; x_wconf 89' lang='lat' dir='ltr'>eiusmodi,</span> <span class='ocrx_word' id='word_1_216' title='bbox 1124 3713 1347 3791; x_wconf 82' lang='grc' dir='ltr'><em>κακοδαίμων,</em></span> 
     </span>
    </p>

    <p class='ocr_par' dir='ltr' id='par_1_8' title="bbox 42 3800 1124 4468">
     <span class='ocr_line' id='line_1_32' title="bbox 42 3800 539 3909; baseline 0.016 -34"><span class='ocrx_word' id='word_1_217' title='bbox 42 3822 45 3909; x_wconf 64' lang='lat' dir='ltr'>l</span> <span class='ocrx_word' id='word_1_218' title='bbox 86 3800 188 3895; x_wconf 63' lang='grc' dir='ltr'><em>ἕτερος,</em></span> <span class='ocrx_word' id='word_1_219' title='bbox 211 3817 388 3898; x_wconf 78' lang='grc' dir='ltr'><em>προσιέναι</em></span> <span class='ocrx_word' id='word_1_220' title='bbox 412 3817 539 3883; x_wconf 85' lang='lat' dir='ltr'>similia.</span> 
     </span>
     <span class='ocr_line' id='line_1_33' title="bbox 42 3934 1022 4024; baseline 0 -20"><span class='ocrx_word' id='word_1_221' title='bbox 42 3934 44 3939; x_wconf 78' lang='grc'><strong>’</strong></span> <span class='ocrx_word' id='word_1_222' title='bbox 175 3938 243 4005; x_wconf 90' lang='lat' dir='ltr'>Iam</span> <span class='ocrx_word' id='word_1_223' title='bbox 267 3941 348 4007; x_wconf 93' lang='lat' dir='ltr'>alios</span> <span class='ocrx_word' id='word_1_224' title='bbox 372 3942 632 4007; x_wconf 88' lang='lat' dir='ltr'>Acharnensium</span> <span class='ocrx_word' id='word_1_225' title='bbox 656 3962 772 4009; x_wconf 86' lang='lat' dir='ltr'>versus</span> <span class='ocrx_word' id='word_1_226' title='bbox 796 3941 1022 4024; x_wconf 88' lang='lat' dir='ltr'>inspiciamus:</span> 
     </span>
     <span class='ocr_line' id='line_1_34' title="bbox 228 4063 1124 4149; baseline -0.001 -22"><span class='ocrx_word' id='word_1_227' title='bbox 228 4064 301 4148; x_wconf 76' lang='grc' dir='ltr'><em>ἐμοὶ</em></span> <span class='ocrx_word' id='word_1_228' title='bbox 325 4064 366 4130; x_wconf 79' lang='grc' dir='ltr'>σύ</span> <span class='ocrx_word' id='word_1_229' title='bbox 390 4068 533 4130; x_wconf 84' lang='grc' dir='ltr'><em>ταυτασὶ</em></span> <span class='ocrx_word' id='word_1_230' title='bbox 556 4064 668 4148; x_wconf 75' lang='grc' dir='ltr'><em>λαβὼν</em></span> <span class='ocrx_word' id='word_1_231' title='bbox 694 4065 776 4130; x_wconf 83' lang='grc' dir='ltr'><em>ὀκτώ</em></span> <span class='ocrx_word' id='word_1_232' title='bbox 802 4064 954 4149; x_wconf 78' lang='grc' dir='ltr'><em>δραχμὰς</em></span> <span class='ocrx_word' id='word_1_233' title='bbox 1060 4063 1124 4128; x_wconf 71' lang='grc'>130</span> 
     </span>
     <span class='ocr_line' id='line_1_35' title="bbox 206 4167 1047 4260; baseline 0 -26"><span class='ocrx_word' id='word_1_234' title='bbox 206 4167 380 4246; x_wconf 81' lang='grc' dir='ltr'><em>*σπονδὰς</em></span> <span class='ocrx_word' id='word_1_235' title='bbox 395 4177 540 4260; x_wconf 81' lang='grc' dir='ltr'><em>ποίησον</em></span> <span class='ocrx_word' id='word_1_236' title='bbox 556 4172 640 4254; x_wconf 84' lang='grc' dir='ltr'><em>πρὸς</em></span> <span class='ocrx_word' id='word_1_237' title='bbox 655 4175 942 4255; x_wconf 82' lang='grc' dir='ltr'><em>Λακεδαιμονίους</em></span> <span class='ocrx_word' id='word_1_238' title='bbox 956 4172 1047 4254; x_wconf 84' lang='grc' dir='ltr'><em>μόνῳ</em></span> 
     </span>
     <span class='ocr_line' id='line_1_36' title="bbox 183 4277 906 4363; baseline 0.004 -24"><span class='ocrx_word' id='word_1_239' title='bbox 183 4300 186 4306; x_wconf 81' lang='grc'><strong>’</strong></span> <span class='ocrx_word' id='word_1_240' title='bbox 227 4279 281 4341; x_wconf 79' lang='grc' dir='ltr'>καὶ</span> <span class='ocrx_word' id='word_1_241' title='bbox 303 4280 391 4343; x_wconf 86' lang='grc' dir='ltr'><em>τοῖσι</em></span> <span class='ocrx_word' id='word_1_242' title='bbox 415 4281 583 4343; x_wconf 78' lang='grc' dir='ltr'><em>παιδίοισι</em></span> <span class='ocrx_word' id='word_1_243' title='bbox 606 4278 662 4342; x_wconf 87' lang='grc' dir='ltr'>καὶ</span> <span class='ocrx_word' id='word_1_244' title='bbox 685 4282 726 4363; x_wconf 79' lang='grc' dir='ltr'>τῇ</span> <span class='ocrx_word' id='word_1_245' title='bbox 751 4277 906 4343; x_wconf 77' lang='grc' dir='ltr'><em>πλάτιδι·</em></span> 
     </span>
     <span class='ocr_line' id='line_1_37' title="bbox 227 4382 909 4468; baseline 0.007 -22"><span class='ocrx_word' id='word_1_246' title='bbox 227 4382 317 4466; x_wconf 79' lang='grc' dir='ltr'><em>ὑμεῖς</em></span> <span class='ocrx_word' id='word_1_247' title='bbox 342 4384 379 4448; x_wconf 78' lang='grc' dir='ltr'>δὲ</span> <span class='ocrx_word' id='word_1_248' title='bbox 404 4384 638 4467; x_wconf 67' lang='grc' dir='ltr'><em>πρεσβεύεσθε</em></span> <span class='ocrx_word' id='word_1_249' title='bbox 661 4386 716 4448; x_wconf 83' lang='grc' dir='ltr'>καὶ</span> <span class='ocrx_word' id='word_1_250' title='bbox 739 4385 909 4468; x_wconf 78' lang='grc' dir='ltr'><em>κεχήνασι.</em></span> 
     </span>
    </p>
   </div>
   <div class='ocr_carea' id='block_1_8' title="bbox 0 0 1393 4906">
    <p class='ocr_par' dir='ltr' id='par_1_9' title="bbox 0 0 1393 4906">
     <span class='ocr_line' id='line_1_38' title="bbox 0 0 1393 4906; baseline 0 0"><span class='ocrx_word' id='word_1_251' title='bbox 0 0 1393 4906; x_wconf 95' lang='lat' dir='ltr'> </span> 
     </span>
    </p>
   </div>
  </div>
 </body>
</html>
