2776 4906
564 366 784 437 ..37-

198 563 233 628 οὐ
255 562 368 640 oetam
394 568 518 629 θᾶσθε
540 567 627 630 τῶδε
649 565 710 640 τοὶς
734 565 894 640 ἀπιστίας
1028 566 1107 636 Aah.
1131 564 1196 631 770

198 667 233 736 οδ
255 692 336 755 φατι
360 669 467 736 τοὶνδε
490 675 603 756 χοῖρον
625 661 718 757 ῆμεν.

198 778 321 842 ...καὶ
345 782 414 843 τῶν
437 782 573 844 θεατῶν
597 772 688 854 ὅστις
712 778 784 844 ἐστὶ
808 780 920 854 δεξιός
1028 780 1108 860 Equ.
1132 777 1198 844 228

198 923 236 935 -
259 921 300 932 -
325 922 369 934 -
395 884 610 970 ξυλλήψεται.

558 973 765 1066 ...παντως
787 1016 822 1075 γε
843 991 912 1077 μῆν
1026 993 1109 1073 Equ,
1132 990 1199 1057 232

196 1097 443 1182 γνωσθήσεται·
468 1095 506 1161 τδ
530 1096 592 1181 γὰρ
616 1098 765 1181 θέατρον
789 1098 912 1173 δεξιόν.

172 1207 239 1286 *τῷ
262 1203 334 1288 δῆτ’
359 1199 402 1267 δν
505 1203 712 1291 χρησάμενος
734 1210 895 1292 τεκμηρίῳ
1025 1206 1107 1286 Equ.
1132 1202 1221 1269 1209

197 1309 333 1394 δόξαιμι
355 1316 477 1395 κρίνειν
499 1313 569 1383 τοῖς
591 1315 770 1377 θεαταῖσιν
793 1316 907 1396 σοφῶς
913 1337 926 1392 ,·

195 1419 226 1480 τί
249 1415 321 1502 δῆτ’
346 1415 552 1481 ἐκεῖνοντὸν
579 1414 696 1502 Θαλῆν
719 1418 960 1500 θαυμάζομεν,·
1024 1419 1106 1484 Nub.
1132 1416 1197 1482 180

195 1525 250 1588 καὶ
272 1527 341 1598 τοίς
363 1527 506 1598 θεαταῖς
528 1525 625 1610 ῥίπτε
640 1527 706 1587 τῶν
720 1528 857 1607 κριθῶν.
873 1582 909 1588 ,
926 1524 1010 1593 ἰδού.
1026 1527 1102 1592 Pac.
1126 1522 1192 1590 962

156 1627 319 1705 ,ἔδωκας
341 1626 426 1718 ῆδνγ,·
449 1688 484 1694 -
507 1630 546 1717 νῆ
571 1629 631 1694 τὸν
650 1630 783 1716 Ἑρμῆν,
809 1623 894 1696 ῶστε
917 1656 952 1715 γε

195 1739 320 1802 τούτων
346 1731 420 1801 ὅσοι
443 1737 507 1822 πέρ
532 1735 597 1802 είσι
619 1741 685 1801 τῶν
708 1739 887 1822 θεωμένων

196 1843 251 1908 οὐκ
274 1839 366 1908 ἔστιν
390 1843 499 1919 οὐδεὶς
523 1837 613 1918 ὅστις
637 1843 676 1907 οὐ
698 1843 821 1931 κριθῆν
844 1842 921 1928 ἔχει.

460 1951 544 2035 πρὸς
565 1956 671 2016 ταῦτα
693 1951 739 2036 μῆ
763 1954 946 2036 βραδύνετε
1022 1954 1111 2020 ΕουΙ.
1137 1952 1226 2018 llll)

194 2060 248 2123 καί
271 2062 336 2122 τῶν
359 2063 493 2122 θεατῶν
516 2059 616 2133 εἴτις
640 2054 752 2134 εὔνους
775 2059 938 2142 τυγχάνει,

169 2164 249 2230 *καί
272 2169 337 2229 τῶν
359 2168 478 2250 κριτῶν
501 2162 532 2228 εί
552 2167 596 2250 μῆ
623 2188 670 2240 τις
695 2164 835 2251 ἑτέρωσε
858 2165 987 2250 βλέπει,

197 2274 253 2338 ἴτω
275 2271 487 2357 μεθ’·ῆμῶν·
512 2272 709 2357 πάνταγὰρ
733 2273 933 2358 παρέξομεν.

148 2399 208 2465 Sed
238 2400 320 2465 haec
349 2400 519 2465 hactenus.
570 2398 760 2479 Sufficiunt,
792 2401 905 2480 credo,
929 2401 1095 2482 exenrpla,
1127 2419 1168 2465 ex
1198 2399 1314 2480 quibus

63 2525 157 2572 novum
179 2505 370 2572 comicorum
394 2506 565 2572 artificium
590 2526 832 2590 cognoscamus,
877 2507 1003 2573 Maiore
1026 2506 1073 2572 illi
1097 2526 1176 2572 cura
1199 2524 1314 2573 versus

62 2611 310 2695 adspectatores
342 2632 517 2681 conversos
549 2618 798 2695 composuerunt
829 2618 927 2695 atque
958 2613 1148 2697 diligentius
1179 2631 1235 2678 eos
1254 2631 1314 2677 ex-

60 2717 229 2798 polluerunt.

144 2967 324 3034 Insolentia
346 2969 488 3035 maxima
511 2969 623 3035 cornici
646 2974 763 3052 poetae
792 2970 899 3035 omnia
921 2969 1201 3052 perstrinxeruut3
1229 2970 1315 3034 hunc

57 3071 98 3136 vel
117 3071 201 3140 illum
217 3076 435 3157 spectantium
451 3077 640 3142 nominatim
656 3078 860 3160 appellantes
878 3075 1087 3143 acerbissime
1103 3075 1314 3141 irridentibus

57 3179 184 3247 omnibus
216 3181 441 3265 exagitabant.
495 3184 604 3267 Quid?
643 3203 717 3250 num
747 3184 833 3250 forte
859 3184 907 3249 illi
937 3203 1063 3265 quoque
1094 3202 1227 3262 versus,
1260 3182 1314 3264 qui

55 3283 122 3351 talia
143 3288 318 3368 continent,
349 3289 466 3372 quippe
491 3291 544 3372 qui
569 3292 611 3356 ad
634 3294 837 3374 spectatores
862 3291 978 3358 directi
1002 3291 1077 3372 sint,
1107 3290 1213 3357 forma
1236 3294 1314 3357 sunt

54 3388 261 3474 elegantiore?

143 3519 223 3586 Item
247 3520 366 3603 optime
390 3521 536 3605 intellegi
560 3542 656 3604 posse
680 3527 758 3606 puto
783 3544 823 3589 ex
847 3524 995 3592 versibus
1019 3523 1086 3590 his:

152 3641 186 3680 ²¹¹*
196 3645 333 3709 ἀκούετε
355 3645 437 3728 λεῴ·
460 3646 546 3710 κατὰ
570 3645 613 3709 τὰ
637 3648 766 3732 πάτρια
788 3647 866 3723 τούς
889 3649 972 3730 χόας
1024 3650 1104 3715 Aah.
1129 3647 1215 3713 tollo

152 3752 305 3816 **πίνειν
328 3751 395 3816 ὑπὸ
420 3757 478 3837 τῆς
502 3752 697 3837 σάλπιγγος·
713 3753 725 3841 ll

195 3966 422 4055 ——„„—l
450 4021 471 4040 υ
493 3960 651 4055 -υῆῧς
675 3968 704 4034 δ’
728 3965 770 4034 διν
794 3969 889 4054 ἐκπίῃ

196 4072 393 4158 πρῶτιστος,
420 4073 527 4140 ἀσκὸν
549 4080 783 4163 Κτησιφῶντος
805 4076 962 4160 λήψεται.

45 4187 213 4278 Ctesiphon
251 4201 492 4284 perstringitur.
551 4193 632 4267 Post
665 4220 776 4268 vocem
813 4198 867 4282 ὃς,
908 4223 928 4268 a
962 4224 1027 4285 qua
1063 4203 1178 4286 incipit
1215 4205 1314 4283 iocus,

41 4310 240 4476 ἓέἓιιιῑμὲμυι
278 4307 435 4374 tribrachi
473 4308 596 4391 dactyli
635 4309 807 4389 anapaesti
850 4313 949 4391 atque
992 4311 1140 4395 graviter
1177 4315 1313 4378 metrum
