2776 4906
774 335 995 402 ..12-

246 531 307 598 His
331 531 491 613 versibus,
516 531 570 612 qui
593 532 699 598 nullos
724 531 893 598 continent
916 528 1165 612 pedes'solutos
1188 529 1253 594 nisi
1272 529 1306 594 in
1322 548 1384 596 voc

246 639 438 719 δαιμονίους
461 658 526 704 non
550 638 714 719 evitabili,
744 637 951 720 Dicaeopolis
975 637 1170 720 Amphitheo
1195 656 1234 702 ea
1258 637 1384 718 explica

245 742 310 809 iam
333 743 486 810 facienda
509 745 584 825 sint,
615 749 649 810 et
672 744 833 810 actionem
856 748 955 827 parat
977 744 1091 827 ipsam.
1136 745 1253 824 Itaque
1285 745 1326 809 ad
1358 763 1384 808 ar

245 852 328 916 haec
350 851 471 917 maiore
495 871 574 918 sono
598 851 769 917 recitanda
792 836 878 931 sunt,
902 851 978 932 quia
1001 851 1108 916 omnia
1130 851 1165 916 in
1187 853 1250 916 hac
1268 851 1383 916 fabula

246 957 368 1023 ducunt
392 959 432 1024 ab
456 959 526 1041 ipso
550 960 612 1024 hoc
634 958 775 1024 foedere.
799 995 842 1004 -

351 1083 580 1165 Athenienses,
604 1083 659 1148 ubi
677 1083 872 1150 Sitalcorum
896 1083 1073 1149 exercitum
1098 1082 1384 1164 appropinquante

245 1188 320 1270 rint,
345 1189 540 1256 Sitalcorum
563 1211 622 1256 rex
645 1190 790 1256 dicturos
814 1209 887 1256 esse
911 1192 1021 1272 putat:

406 1299 487 1369 ὅσον
510 1306 548 1368 τό
573 1310 684 1390 χρῆμα
706 1307 892 1390 παρνόπων
916 1304 1149 1390 προσέρχεται.
1237 1303 1300 1369 150

245 1429 387 1495 Rettulit
416 1432 499 1497 haec
529 1432 685 1497 Theorus.
736 1432 859 1498 Postea
889 1430 1001 1496 eodem
1032 1429 1125 1495 modo
1156 1429 1371 1511 Amphitheus

245 1556 364 1604 nenses
388 1537 510 1604 dixisse
533 1538 654 1604 refert:

406 1652 558 1727 ceordaic
582 1654 691 1738 φέρεις
714 1657 780 1716 τῶν
804 1652 963 1736 ἀμπέλων
978 1652 1187 1739 τετμημένων
1195 1677 1207 1730 ,·
1237 1650 1299 1716 183

245 1778 332 1843 Ecce
356 1778 418 1842 duo
442 1778 645 1845 monosticha
667 1779 872 1845 indissoluta.
898 1817 936 1826 —

408 1900 467 1984 ἐγὼ
492 1900 530 1965 δὲ
554 1903 725 1987 φεόξομαί
744 1927 779 1986 γε
801 1902 877 1978 τοὺς
896 1903 1069 1986 Ἀχαρνέας
1079 1901 1105 1989 1)
1236 1899 1300 1966 203

244 2026 459 2108 Amphitheus
494 2028 580 2094 hunc
613 2049 744 2096 versum
778 2029 922 2095 recitans
958 2027 1043 2109 abit,
1077 2029 1188 2109 itaque
1223 2047 1345 2093 scaena
1380 2051 1384 2087 ι

245 2133 394 2200 cluditur.
448 2134 628 2202 Praeterea
658 2135 711 2202 hic
740 2156 856 2204 versus
888 2135 1105 2203 memorabilis
1137 2138 1204 2215 est,
1240 2134 1316 2215 quia
1350 2154 1384 2200 m

243 2239 360 2306 iambis
384 2243 524 2323 constat,
548 2241 747 2324 aptissimus,
771 2243 826 2324 qui
849 2263 869 2308 a
892 2242 1039 2326 fugiente
1063 2242 1229 2308 recitetur.
1275 2242 1314 2306 In
1338 2260 1384 2305 me

243 2347 305 2412 tibi
328 2366 462 2414 revoces
479 2347 600 2414 Catulli
619 2351 798 2431 phaselum,
822 2349 876 2431 qui
895 2349 962 2432 „ait
977 2349 1081 2416 fuisse
1096 2349 1229 2416 navium
1246 2347 1384 2413 celerrin

405 2477 513 2536 καίτοι
537 2473 674 2539 δέδοικα
694 2473 822 2538 πολλοὶ·
846 2474 924 2548 τούς
939 2499 976 2538 τε
989 2473 1052 2558 γὰρ
1070 2475 1212 2556 τρόπους
1236 2471 1300 2537 370

406 2579 483 2654 τοὺς
506 2582 571 2644 τῶν
595 2579 753 2664 ἀγροίκων
777 2572 855 2645 οἶδα
878 2586 1055 2664 χαίροντας
1079 2580 1214 2665 σφόδρα

405 2684 466 2751 ἐάν
487 2711 536 2762 τις
561 2685 680 2762 αότοός
704 2685 820 2774 εὐλογῇ
842 2689 898 2752 καὶ
921 2687 982 2774 τὴν
1005 2687 1116 2768 πόλιν,

406 2791 491 2880 ἀνὴρ
515 2793 647 2870 ἀλαζών
669 2796 725 2859 καὶ
748 2797 862 2860 δίκαια
884 2791 1019 2860 κόῖδικα·

403 2899 582 2964 κάνταῦθα
604 2899 812 2964 λανθάνονσ’
835 2899 1138 2984 ἄπεμπωλιόμενοι·

398 3010 471 3070 ’τῶν
493 3004 522 3070 τ’
546 3000 589 3070 αό
610 3006 772 3090 γερόντων
797 2999 875 3072 οἴδα
897 3006 957 3082 τός
980 3006 1093 3092 ψυχὰς
1118 3003 1168 3072 ὅτι
1235 3006 1299 3072 375

405 3111 503 3178 οὐδὲν
525 3112 710 3196 βλέπουσιν
733 3111 816 3178 dito
840 3113 928 3200 πλὴν
951 3114 1057 3200 ψήφῳ
1081 3116 1203 3179 δακεῖν.

244 3239 296 3304 Ad
326 3239 545 3306 Athenienses
579 3243 678 3322 poeta
709 3260 890 3307 sermonem
920 3240 1049 3307 direxit.
1103 3240 1260 3306 Versibus
1290 3240 1384 3323 gravi

244 3345 451 3412 currentibus
475 3345 564 3413 cives
588 3346 782 3430 perstringit
805 3347 915 3414 verbis
940 3346 1159 3413 acerbissimis
1187 3345 1376 3428 strictisque

245 3451 339 3534 quasi
361 3451 480 3536 gladio.
504 3487 547 3498 -

349 3575 476 3642 Deinde
514 3575 705 3642 insistamus
743 3577 776 3642 in
811 3595 909 3644 versu
941 3573 1015 3642 571.
1074 3577 1259 3643 Lamachus
1297 3576 1330 3642 in
1369 3595 1384 3642 s

243 3681 352 3763 prodit
374 3684 547 3763 movetque
570 3681 672 3748 risum
694 3681 877 3748 maximum.
923 3683 1079 3749 Armatus
1103 3683 1188 3748 enim
1219 3683 1288 3749 eius
1311 3685 1384 3764 port

245 3806 283 3852 ac
306 3790 531 3854 monstruosus
564 3791 631 3868 est,
661 3787 810 3855 incessus
842 3788 936 3854 militi
966 3789 1014 3854 illi
1037 3789 1189 3854 Plautino
1214 3788 1384 3856 simillimus

243 3913 350 3959 rerum
368 3897 544 3959 concentus
561 3893 710 3975 violetur,
733 3898 770 3960 ut
785 3913 892 3960 merus
910 3893 1323 3982 σαλπιγγολογχυπηνάδης
1337 3897 1384 3962 Ae

243 3997 313 4065 fere
336 3999 440 4065 utitur
463 3998 620 4065 dictione:

351 4209 378 4278 1)
396 4211 482 4266 Varie
499 4210 581 4266 lectio
607 4215 699 4267 exstat
722 4205 908 4288 φευξοῦμαι
938 4211 966 4265 in
992 4211 1052 4266 cod.
1071 4211 1112 4281 R,
1140 4212 1183 4266 cui
1210 4229 1244 4268 ea
1272 4213 1305 4267 de
1334 4229 1384 4268 cau

244 4299 387 4356 ferendum
411 4316 472 4356 esse
496 4305 563 4370 puto
594 4292 771 4376 φεύξομαι,
802 4300 866 4368 quia
893 4304 1014 4369 augetur
1043 4300 1203 4356 volubilitas
1233 4302 1322 4356 metri.
1372 4303 1384 4356 l

243 4388 307 4444 vido
326 4404 395 4456 quae
413 4387 497 4444 attuli
515 4388 544 4443 in
562 4387 651 4457 pertis
669 4387 773 4444 tertiae
791 4386 808 4457 ἕ
827 4391 852 4444 1.
