2776 4906
503 334 723 439 ..614

87 562 300 650 **ἐνὲκρονεν
324 567 356 640 ἐς
377 567 437 630 τὸν
460 569 584 647 τοῖχον,
608 555 666 628 εἶτ’
691 563 859 649 ἐξήλλετο.
1064 567 1128 633 131

130 671 223 756 ἡμεῖς
248 675 287 736 δὲ
311 674 371 758 τὴν
395 672 500 756 αὐλήν
524 665 664 736 ἅπασαν
687 671 830 744 δικτύοις
1067 673 1131 739 132

176 784 357 861 sequuntur
380 781 442 847 duo
466 800 519 848 vv.
543 779 671 864 tragici.
695 775 786 842 ἔστιν
810 777 840 842 δ’
865 775 1048 862 ὄνομα

89 889 123 928 **
133 888 188 950 ναὶ
210 887 259 967 μὰ
282 883 429 969 Δία,’τῷ
453 886 482 950 δ’
506 885 574 951 υἱεῖ
591 910 625 968 γε
648 886 728 968 τῳδὶ
751 885 975 951 Βδελυκλέων.
1066 887 1132 953 1354

34 1021 77 1083 ela
91 1013 191 1096 igitur
207 1013 356 1079 versibus
380 1013 583 1078 indissolutis
607 1012 755 1095 singulas
778 1011 873 1077 huius
898 1013 1055 1079 orationis
1073 1013 1254 1095 particulas

34 1121 123 1188 tinxit
147 1121 292 1202 exceptis
317 1121 448 1186 ultimis
488 1119 642 1200 Sequitur
664 1119 749 1185 enim
773 1138 898 1198 versus,
923 1119 977 1201 qui
999 1121 1062 1185 toti
1078 1140 1254 1187 vernarum

34 1228 129 1308 loquio
154 1228 249 1293 finem
274 1228 363 1308 facit,
388 1248 492 1308 neque
516 1229 602 1293 hunc
625 1227 863 1308 Aristophanes
888 1247 983 1308 quam
1007 1227 1255 1294 accuratissime

34 1354 164 1418 oponere
187 1335 372 1401 intermisit.
417 1335 593 1419 Bdelycleo
618 1334 725 1418 surgit
747 1333 960 1416 increpatque
983 1353 1121 1402 vernas:

133 1435 158 1503 ci
181 1442 320 1512 Ξανθία
342 1443 398 1505 καὶ
421 1446 550 1506 Σωσία·
574 1441 759 1505 καθεύδετε
766 1466 779 1520 ,·
1068 1440 1131 1507 136

509 1641 720 1649 -—-—.—-

79 1764 147 1829 Iam
173 1763 340 1829 extribus
369 1763 420 1828 his
444 1763 600 1845 exemplis
629 1763 782 1847 cognosci
805 1765 931 1845 potest,
963 1762 1040 1844 quid
1069 1762 1104 1828 in
1134 1765 1256 1829 haere

35 1877 85 1937 eat
115 1872 263 1937 trimeter
292 1871 516 1936 indissolutus.
570 1871 605 1936 Si
635 1871 763 1952 quidem
798 1870 911 1936 comici
941 1873 1058 1952 poetae
1089 1876 1256 1937 oratorum

34 1999 77 2044 rus
101 1979 229 2044 dicendi
252 1978 409 2044 imitando
434 1977 588 2059 consequi
612 1960 808 2044 studuerunt
831 1976 886 2062 (de
902 1997 966 2058 qua
984 1977 1167 2044 imitatione
1190 1978 1255 2044 iam

34 2107 73 2152 ra
96 2087 189 2151 nobis
213 2106 266 2152 res
291 2085 354 2151 fuit
376 2085 411 2150 iu
434 2105 488 2168 pg.
506 2084 547 2149 29
566 2083 615 2168 s),
639 2084 719 2150 illud
742 2084 887 2167 inprimis
912 2084 1083 2150 artificium
1107 2104 1162 2151 eos
1186 2084 1255 2150 imi·

34 2194 40 2258 i
70 2213 203 2259 necesse
234 2192 313 2273 tuit,
350 2211 410 2274 quo
443 2196 590 2258 oratores
623 2193 788 2258 clausulas
824 2192 1060 2258 sententiarum
1096 2212 1256 2258 exornare

34 2303 132 2366 ebant.
171 2301 264 2384 Quod
287 2319 365 2367 uero
390 2300 511 2365 attinet
536 2300 577 2365 ad
600 2300 837 2365 sententiarum
853 2299 1020 2366 exordium
1035 2299 1256 2366 exactioribus

34 2409 123 2474 sibus
148 2408 345 2489 distinctum,
369 2409 429 2474 hoc
453 2408 523 2473 loco
547 2406 664 2472 iterum
688 2406 781 2472 nobis
802 2407 943 2473 occurrit
959 2407 1140 2487 artificium,
1164 2405 1256 2472 cuius

34 2538 41 2581 ι
64 2536 162 2598 snpra
184 2516 216 2580 in
241 2517 449 2599 paragrapho
474 2514 618 2580 secunda
641 2517 692 2579 tot
715 2514 864 2597 exempla
885 2514 1139 2597 percensuimus.

81 2625 173 2690 Haec
197 2623 273 2688 mihi
297 2622 566 2704 quaestiunculae
596 2640 678 2702 quae
703 2621 850 2702 sequitur
880 2621 1121 2704 praemittenda
1152 2625 1256 2688 erant.

34 2750 94 2796 mes
126 2731 252 2796 scilicet
282 2750 368 2795 nunc
399 2729 565 2796 orationes
597 2730 650 2797 uel
683 2729 923 2810 oratiunculae,
955 2748 1039 2810 quae
1069 2728 1103 2794 in
1134 2727 1256 2795 fabulis

34 2838 224 2920 stophaneis
242 2841 275 2903 et
292 2837 486 2921 fragmentis
503 2836 658 2918 antiquae
675 2836 840 2903 comodiae
858 2839 1000 2915 exstant,
1024 2839 1257 2918 percensentes

36 2965 152 3027 eamus,
177 2948 337 3026 quatenus
361 2963 442 3010 vera
466 2943 533 3009 sint
556 2963 639 3025 quae
664 2943 915 3010 enucleavimus.
960 2944 1083 3027 Legem
1107 2962 1256 3010 severam
1285 2961 1288 2965 ·

34 3072 79 3132 que
96 3073 246 3134 umquam
261 3052 418 3119 violatam
433 3055 549 3133 poetas
565 3051 628 3116 sibi
644 3051 816 3134 scripsisse
832 3069 924 3116 nemo
940 3054 1029 3116 certe
1042 3050 1257 3133 exspectabit.

81 3160 227 3225 Exstant
251 3178 327 3226 vero
352 3158 501 3241 exempla
524 3158 593 3224 eius
617 3157 748 3242 generis
764 3161 832 3224 tam
848 3177 1029 3237 numerosa,
1054 3159 1090 3223 nt
1106 3177 1257 3223 numeros

34 3285 78 3330 um
107 3285 259 3333 versuum
294 3265 479 3332 exscribere
510 3265 646 3347 possim,
681 3264 792 3347 itaque
822 3284 890 3331 rem
920 3265 970 3330 ita
999 3264 1186 3345 instituam,
1221 3267 1258 3328 ut

34 3393 73 3437 un
111 3378 305 3456 anteponam
342 3373 506 3439 stellulam
540 3372 683 3438 numeris
718 3391 871 3439 versuum
906 3371 1123 3456 tragicorum,
1140 3392 1143 3396 ·
1161 3371 1257 3436 binas

34 3480 125 3546 llulas
160 3480 301 3546 numeris
341 3499 492 3547 versuum
533 3479 741 3560 comicorum,
780 3479 907 3545 omnino
946 3479 1069 3546 nullam
1107 3478 1258 3546 versibus

35 3587 189 3654 issolutis.

488 3709 748 3784 Acharneuses.

84 3841 135 3887 vv.
160 3818 234 3885 luo.
258 3819 340 3901 5013
371 3817 471 3885 *5021
503 3817 564 3884 511
593 3839 663 3885 cum
688 3817 795 3901 *5123
827 3818 900 3884 513.
931 3816 1039 3900 *522;
1071 3818 1144 3884 523.
1176 3817 1259 3892 529;

34 3925 75 3992 lll.
99 3927 180 4009 513;
204 3925 278 3993 544.
302 3926 384 4008 554;
408 3924 497 3991 *555
523 3930 556 3992 et
580 3925 644 3992 556
669 3927 816 4010 epilogus
841 3946 993 3997 versuum
1019 3925 1162 3992 duorum.

84 4212 118 4298 a)
142 4233 195 4280 vv.
220 4212 271 4279 40.
295 4211 398 4295 **45;
422 4211 464 4278 46
488 4101 704 4297 (οὗῗλλξήθελ
728 4211 806 4295 *61;
831 4211 872 4278 62
898 4205 964 4298 (ὅδ’
981 4264 988 4279 .
1006 4265 1012 4279 .
1029 4210 1060 4296 .).
1085 4209 1136 4277 72.

84 4319 118 4404 b)
142 4340 195 4386 vv.
220 4319 294 4387 624.
325 4319 390 4385 638
422 4318 562 4404 ἀναιδῆ;
597 4320 670 4387 638.
704 4323 812 4383 ταῦτα
935 4318 1017 4402 656;
1056 4316 1156 4384 *litt
1192 4317 1253 4383 681

34 4423 192 4492 n**682.
