2776 4906
590 371 811 443 ..39-

218 575 293 639 άλλ’
316 569 420 658 οίγαθ’
445 573 517 640 οὐδ’
540 567 581 659 ἢν
603 574 773 657 κάρδοπος
795 568 977 651 Κλεωνύμῳ
1050 569 1135 636 Nub.
1157 566 1222 634 673

217 681 293 746 ἀλλ’
316 681 351 746 ὲν
372 685 459 767 θοία
483 678 661 765 στραγγάλῃ
684 677 886 760 ’νεμάττετο

221 789 322 876 ὃρᾷςς
343 791 480 871 γυναῖκα
503 785 564 870 τὴν
584 784 734 867 Ἀμυνίαν
755 781 873 855 καλεῖς.
1050 783 1134 850 Nub.
1159 781 1220 847 691

172 893 343 961 ,οὔκουν
366 897 499 968 δικαίως
521 885 591 975 ἥτις
616 889 654 957 οὐ
678 890 910 974 saponariorum

52 999 107 1083 (ad
133 999 364 1089 spectatores)
389 1000 476 1085 ἀτάρ
498 1004 535 1064 τί
554 996 656 1063 ταῦθ’
680 995 702 1059 ἃ
725 996 856 1070 πάντας
880 997 974 1079 ἴσμεν
996 997 1182 1080 μανθάνω

224 1111 417 1192 ...δίδωμι
439 1106 546 1189 χιλίας
570 1104 731 1188 δραχμάς.
746 1160 782 1166 -
798 1104 972 1186 δεχόμεθα
1053 1103 1155 1171 Arist.
1179 1103 1220 1171 fr.
1245 1101 1310 1168 100

225 1214 385 1298 δισχίλιαι
406 1211 468 1297 γάρ
492 1210 556 1276 είσι
580 1210 643 1276 σὺν
665 1214 737 1284 ταῖς
760 1213 885 1274 Νικίου.

227 1322 333 1406 ῥήτωρ
355 1321 418 1404 γάρ
442 1319 514 1383 ἐστι
536 1322 596 1383 νῦν
618 1342 678 1398 τις,
704 1310 742 1381 ὃν
756 1315 783 1400 γ’
800 1312 892 1380 ’ἐστιν
906 1315 1011 1399 λέγειν
1017 1341 1030 1394 ,·
1053 1316 1204 1400 Eupolid.
1222 1317 1262 1384 fr.
1286 1316 1328 1382 96

180 1427 245 1493 ,ὅ
269 1427 438 1514 Βονζύγης
462 1423 598 1511 ἄριστος
621 1424 798 1509 ἁλιτήριος.

224 1535 433 1617 Πείσανδρος
456 1530 501 1606 είς
523 1529 704 1596 Πακτωλὸν
728 1528 944 1613 ἐστρατεύετο
1052 1531 1202 1614 Eupolid.
1220 1531 1260 1598 fr.
1287 1530 1326 1598 31

180 1640 405 1706 **κάνταῦδα
427 1643 485 1725 τῆς
509 1641 668 1723 στρατιάς
689 1633 843 1710 κάκιστος
865 1625 906 1721 ἦν
930 1636 1023 1720 ἀνήρ.

224 1751 423 1830 Πνγμαρίων
445 1744 584 1830 λοχαγὸς
607 1745 641 1807 ὲκ
663 1747 730 1808 τοῖν
752 1744 932 1828 κανθάρων

226 1858 291 1918 τῶν
308 1854 456 1937 μεζόνων
472 1846 529 1926 οὓς
545 1875 646 1936 φαντί
669 1850 732 1914 τὰν
747 1850 869 1915 Αἴτναν
892 1846 988 1932 ἔχειν.
1012 1852 1126 1935 Epioh.
1134 1852 1174 1919 fr.
1184 1851 1226 1918 57
1236 1852 1344 1940 (Ahr.)

174 1997 362 2078 Sufficiunt,
394 1996 427 2062 ni
450 1994 557 2075 fallor,
588 1996 671 2061 haec
694 1986 851 2076 exempla.
896 1993 1048 2076 Inprimis
1071 1994 1241 2077 Eupolidis
1264 1995 1346 2062 illud

54 2101 101 2169 fr.
127 2102 172 2170 31
205 2104 336 2188 dignum
368 2106 434 2182 est,
467 2103 551 2184 quod
582 2099 769 2168 accuratius
801 2099 1035 2168 consideretur.
1079 2102 1119 2168 Iu
1147 2103 1224 2168 belli
1252 2103 1345 2168 Pelo-

55 2210 256 2291 ponnesiaci
279 2212 389 2276 aetate
413 2219 597 2289 versamur,
628 2227 693 2288 qua
716 2210 805 2273 certe
836 2207 939 2273 multa
967 2207 1097 2274 cantica
1107 2204 1133 2293 1)
1165 2208 1347 2275 huiusmodi

59 2317 274 2384 exstiterunt.
319 2317 396 2381 Mea
419 2315 546 2396 quidem
571 2313 737 2380 sententia
760 2313 971 2379 statuendum
995 2317 1046 2380 est
1074 2319 1132 2380 aut
1155 2315 1347 2397 Eupolidem

31 2461 36 2466 -
61 2423 138 2488 tale
162 2422 321 2490 canticum
343 2421 505 2487 imitatum
529 2440 603 2487 esse
635 2423 692 2486 aut
715 2419 853 2484 formam
883 2439 921 2485 eo
954 2420 1088 2486 consilio
1112 2422 1347 2504 elegantiorem

64 2529 265 2611 reddidisse,
299 2548 361 2610 quo
396 2528 527 2594 facilius
561 2527 595 2593 hi
629 2546 746 2594 versus
781 2525 935 2592 memoria
968 2530 1161 2594 tenerentur
1195 2532 1228 2594 et
1261 2529 1349 2594 inter

10 2620 13 2629 ’
70 2635 208 2703 omnium
230 2656 289 2703 ora
310 2639 533 2704 versarentur.

177 2760 266 2828 Haec
300 2761 399 2826 habui
439 2779 522 2841 quae
561 2760 703 2826 dicerem
741 2760 781 2825 de
816 2759 946 2825 comicis
984 2759 1091 2840 poetis
1129 2761 1347 2842 spectantium

77 2863 263 2934 irrisoribus.

693 3121 724 3189 3.

177 3246 262 3312 Nota
286 3250 337 3312 est
360 3246 527 3329 gravitas,
559 3266 623 3328 qua
646 3247 884 3330 Aristophanes
915 3247 1034 3314 civium
1064 3248 1147 3316 vitia
1176 3271 1214 3317 ac
1242 3272 1348 3318 mores

89 3355 240 3434 comuptos
263 3353 510 3436 vituperaverit.
548 3355 602 3419 Ex
616 3354 876 3420 Acharneusium
896 3354 976 3434 loco,
1001 3375 1094 3436 quem
1110 3375 1211 3440 supra
1226 3363 1350 3425 tracta-

88 3453 192 3541 vimus,
238 3459 292 3540 qui
330 3464 382 3526 est
421 3459 460 3525 de
503 3459 622 3528 civium
661 3481 741 3544 erga
783 3467 931 3527 oratores
974 3462 1111 3528 blandos
1155 3465 1349 3530 credulitate

87 3556 142 3642 (vv.
164 3562 226 3630 370
250 3584 309 3645 ss,
348 3565 390 3632 of.
414 3586 467 3648 pg.
492 3564 565 3650 12),
602 3568 856 3650 Aristophanem
891 3571 970 3634 tunc
1004 3588 1146 3649 quoque,
1182 3584 1254 3636 cum
1287 3573 1348 3638 hoc

85 3670 253 3739 censorium
283 3689 399 3738 munus
427 3677 641 3753 exsequatur,
673 3674 716 3738 ad
746 3674 930 3756 augendam
961 3675 1118 3740 sermonis
1149 3677 1349 3759 gravitatem

83 3785 187 3842 versus
216 3775 429 3842 indissolutos
461 3777 616 3843 adhibere
647 3778 867 3861 cognovimus.
920 3779 1014 3846 Nune
1044 3781 1172 3861 quidem
1202 3788 1349 3852 nostrum

81 3874 139 3944 erit
159 3901 315 3965 quaerere
338 3881 465 3950 similia.

10 3991 12 4029 Ι

77 4048 283 4069 κ...-

182 4164 208 4233 1)
224 4166 253 4220 Si
272 4165 333 4234 quis
352 4165 473 4222 offendat
499 4167 528 4223 iu
553 4166 661 4222 nomine
687 4168 788 4222 cantici
812 4173 898 4238 atque
920 4174 1007 4238 neget
1030 4186 1157 4238 umquam
1175 4172 1283 4227 cantica
1299 4173 1349 4228 tri·

72 4251 168 4308 metria
193 4253 317 4310 iambicis
345 4256 499 4325 conscripta
527 4255 676 4325 exstitisse,
704 4271 800 4311 versus
828 4257 958 4328 inspiciat
982 4259 1199 4316 nebarnensium
1226 4263 1295 4316 1182
1313 4278 1347 4316 ss.

73 4322 186 4398 δεινὸν
216 4331 342 4421 ἐξηύδα
371 4334 472 4418 μέλος
501 4361 528 4402 κ.
549 4359 577 4402 τ.
597 4334 646 4415 λ.,
681 4344 745 4400 Pae.
765 4347 818 4401 289
836 4363 872 4402 ss.
897 4340 958 4403 νῦν
986 4337 1075 4403 τοῦτ’
1099 4338 1193 4405 ἐκεῖν’
1214 4334 1283 4426 ἣκει
1310 4340 1349 4405 τὸ

70 4413 218 4496 Δάτιδος
238 4419 338 4505 μέλος
360 4448 388 4487 κ.
405 4447 433 4488 τ.
450 4423 479 4487 λ.
