2776 4906
547 359 769 428 ..79-

169 555 252 632 τοῦς
276 554 356 620 δ’ἐκ
379 558 506 640 πατρός
527 582 564 621 τε
586 557 642 622 καὶ
663 558 858 644 γεραιτέρων
880 557 995 642 λόγους

173 663 324 738 πολλοῦς
348 664 509 730 άκοῦσασ’
534 665 572 728 οῦ
594 665 812 750 μεμούσωμαι
833 664 976 752 nauata&

174 828 268 892 οἴνου
290 826 351 910 γάρ
376 820 481 909 εῦροις
505 823 547 891 άν
569 851 601 891 τι
625 829 909 912 πρακτικάτερον;
1009 829 1091 910 Equ.
1115 827 1157 894 91

176 935 269 1020 δρᾷς,
294 927 374 998 ὅταν
399 939 540 1000 πίνωσιν
563 927 742 1019 ἅνθρωποι
764 936 842 999 τότε

141 1038 162 1075 *
175 1041 373 1121 πλουτοῦσι,
397 1042 657 1126 διαπράττουσι,
681 1046 814 1107 νικῶσιν
838 1045 943 1124 δίκας,

174 1147 442 1232 εὐδαιμονοῦσιν,
467 1148 635 1232 ὠφελοῦσι
659 1149 736 1223 τοὺς
759 1148 885 1233 φίλους.

622 1307 668 1375 ὢν
690 1314 882 1377 τυννουτονὶ
1008 1314 1090 1382 Nub.
1113 1314 1178 1380 878

173 1416 339 1483 ἔπλαττεν
363 1417 460 1483 ἔνδον
484 1417 588 1493 οἰκίας
610 1422 691 1493 ναῦς
713 1417 742 1482 τ’
765 1416 915 1503 ἔγλυφεν,

60 1563 63 1570 ·
174 1526 344 1608 ἁμαξίδας
366 1550 402 1590 τε
426 1531 580 1601 σκυτίνας
603 1523 782 1610 εἰργάζετο,

125 1629 237 1696 **κα’κ
252 1637 318 1696 τῶν
334 1635 450 1698 σιδίων
465 1632 654 1719 βατράχους
670 1631 779 1698 ἐποίει
794 1637 866 1708 πῦς
881 1636 996 1711 δοκεῖς.

144 1785 200 1856 *ὦ
225 1797 320 1881 χαίρε
343 1791 486 1880 φίλτατ’·
512 1793 550 1858 οῦ
573 1795 635 1879 γάρ
659 1794 774 1869 άκλεὲς
796 1792 945 1879 τοῦνομα
1009 1798 1086 1881 Lys.
1110 1797 1174 1864 853

172 1900 213 1966 τὸ
239 1902 300 1966 σδν
323 1900 403 1987 παρ’
426 1901 506 1986 ἡμῖν
530 1900 621 1967 ἔστιν
645 1901 715 1966 οὐδ’
739 1901 924 1985 ἀνώνυμον.

175 2008 229 2071 ἀεὶ
251 2008 313 2092 γάρ
336 2008 356 2094 ἡ
380 2009 459 2094 γυνή
486 2007 516 2072 σ’
539 2004 607 2092 ’ἔχει
630 2008 688 2074 διά
712 2009 831 2093 στόμα.

173 2111 236 2180 κάν
260 2113 325 2198 ῴόν
347 2111 367 2200 ἢ
391 2114 498 2201 μῆλον
520 2113 620 2202 λάβῃ,
644 2120 786 2202 Κινησίᾳ

173 2223 266 2286 τουτὶ
281 2223 418 2306 γε’νοιτο,
436 2228 548 2311 φησίν.
621 2219 683 2287 κάν
700 2227 777 2307 περὶ
794 2224 925 2311 άνδρῦν
939 2226 965 2309 γ’
975 2225 1105 2314 ἐμπέσῃ
1130 2227 1205 2309 857,

174 2329 269 2413 λόγος
291 2354 351 2411 τις,
376 2329 474 2416 εἴρηκ’
498 2330 625 2406 εῦθὲως
648 2331 667 2415 ἡ
694 2331 737 2417 ση
760 2332 837 2417 γυνη

125 2432 238 2518 ”lira
261 2436 362 2522 λῆρός
386 2437 458 2503 ἐστι
479 2435 586 2501 τάλλα
609 2438 694 2523 πρὸς
717 2444 887 2526 Κινησίαν.

110 2599 165 2686 (**
175 2599 217 2675 ὡς
242 2599 401 2683 οὐδεμίαν
423 2596 510 2684 ’ἔγωγ’
532 2598 598 2683 ἐ’χω
620 2606 697 2685 βίον
719 2602 828 2686 χάριν,
1006 2604 1084 2687 Lyn.
1108 2603 1172 2670 865

175 2705 211 2783 ἐξ
236 2697 341 2791 οὗπερ
364 2700 447 2794 αῦτη
472 2705 608 2795 ’ξηλθεν
632 2705 667 2770 iu
689 2711 747 2793 τῆς
772 2706 906 2794 οἰκίας)

177 2813 240 2879 ἀλλ
263 2810 417 2896 ἄχθομαι
439 2813 501 2898 μὲν
525 2813 646 2894 εἰσιών,
671 2811 778 2902 ’ἑρημα
801 2817 840 2882 δὲ

174 2913 260 2987 εἶναι
283 2925 377 2987 δοκεῖ
394 2947 450 3006 μοι
473 2923 599 3004 πάντα,
623 2926 692 2998 τοῖς
716 2922 754 2989 δὲ
778 2929 896 2998 σιτίοις

128 3031 166 3070 **
175 3028 275 3110 χάριν
298 3028 457 3112 οὐδεμίαν
482 3020 545 3094 οἷδ’
569 3029 712 3095 ἐσθίων·
737 3026 859 3096 ἔστυκα
881 3031 954 3115 γάρ.

32 3176 116 3239 oeta
141 3192 240 3240 versu
263 3173 385 3253 ultimo,
401 3161 403 3165 ¹
418 3193 479 3255 quo
504 3174 546 3240 ad
568 3173 738 3241 lasciviam
763 3173 965 3254 comoediae,
996 3175 1109 3242 eodem
1133 3177 1221 3245 atian

32 3284 118 3346 rtem
143 3280 313 3346 metricam
336 3281 493 3347 laxiorem
516 3282 611 3349 redit.

600 3407 892 3496 μεθυπεδησάμην
1005 3407 1095 3474 ΕοοΙ.
1119 3407 1184 3473 544

173 3513 358 3602 μιμουμένη
382 3533 420 3579 σε
442 3515 498 3579 καὶ
520 3516 694 3579 κτυποῦσα
717 3516 790 3579 τοῖν
813 3515 934 3579 ποδοῖν

174 3622 229 3684 καὶ
252 3619 328 3696 τοῦς
350 3620 469 3697 λίθους
492 3626 643 3686 παίουσα
665 3625 706 3708 τῇ
729 3626 900 3710 βακτηρίᾳ.

119 3763 241 3830 Ultimo
277 3763 415 3845 denique
449 3765 519 3830 looo
554 3763 726 3831 nonnullos
761 3764 857 3832 Pacis
896 3782 1009 3830 versus
1048 3764 1221 3847 perpendat

32 3885 98 3937 ‘aee
122 3889 259 3937 reversa
274 3873 373 3953 poeta
388 3871 574 3954 Trygaeum
597 3871 637 3937 de
662 3872 752 3938 oaelo
769 3872 866 3938 urbes
883 3870 1043 3937 Graeciae
1067 3871 1221 3939 observat

32 3977 103 4057 aoit,
127 3975 221 4058 quasi
244 3975 390 4060 virginea
414 3976 482 4043 sint
504 3976 647 4059 periculo
670 3975 832 4044 liberatae
854 3978 1028 4059 laetaeque
1050 3977 1221 4061 garriente

122 4261 149 4324 1)
168 4261 321 4316 Scholiasta
346 4262 473 4331 Euripidi
496 4263 546 4316 hos
571 4279 665 4318 vorsus
690 4262 795 4318 tribuit.
838 4264 871 4319 of.
898 4280 962 4319 voro
992 4279 1061 4332 quaa
1083 4263 1129 4320 W.
1148 4263 1221 4318 Para

34 4369 50 4406 e
70 4349 256 4419 Aristophane
276 4349 446 4405 defendendo
466 4355 562 4407 contra
580 4351 751 4407 invasionem
769 4351 955 4421 Euripidem.
992 4352 1061 4407 Para
1079 4351 1164 4422 prior,
1182 4351 1221 4407 El

32 4439 92 4509 argi
111 4455 137 4495 a.
158 4437 226 4493 1897
244 4453 290 4507 pn.
312 4440 345 4493 la
364 4438 466 4508 optime
485 4440 636 4496 adnotavit.
