2776 4906
616 384 836 452 ..20-

186 578 226 645 of.
250 583 287 641 τί
299 577 329 642 δ’
345 563 438 643 ἔστιν
461 572 584 658 ὧπαῑς
608 581 718 644 παῖδα
739 580 814 666 γάρ,
837 577 899 645 κάν
915 574 938 666 ἦ
952 581 1053 664 γέρων
1077 584 1175 664 Vesp.
1201 579 1289 646 1297

248 685 360 748 καλεῖν
383 686 511 750 δίκαιον
535 677 625 759 ὅστις
648 681 690 749 άν
714 686 841 773 πληγάς
863 687 960 774 λάβῃ.

248 796 286 854 τί
298 790 327 854 ‹l’
343 787 435 854 ’ἐστιν
450 784 476 853 οἳ
491 794 573 869 παῖς
596 795 706 856 παῖδα
720 792 782 878 γάρ
799 793 829 856 σ’
842 791 927 868 εἰκὸς
941 793 1054 858 καλεῖν
1073 797 1201 862 Thesm.
1225 792 1292 861 582

248 891 309 972 ἕως
333 893 375 960 άν
399 890 499 972 οὕτως
521 897 581 972 τάς
603 900 751 980 γνάθους
774 898 879 984 ψιλάς
902 897 985 986 ἔχῃς.
1023 905 1025 909 ’

248 1000 383 1068 ἄνασσα
406 1004 551 1088 πράγους
573 1007 673 1069 τοῦδε
695 1007 746 1069 καὶ
769 995 995 1088 βουλεύματος
1076 1009 1154 1091 Lys.
1178 1007 1243 1074 706

249 1114 286 1173 τί
304 1132 362 1191 μοι
385 1110 584 1196 σκυθρωπὸς
607 1109 812 1195 ἐξελήλυθας
835 1111 1003 1198 etpwv31)

88 1236 297 1319 Lysistratae
320 1235 476 1316 trimetri,
507 1256 587 1317 quos
611 1236 723 1302 ultimo
753 1238 824 1302 loco
850 1238 955 1318 attuli,
986 1237 1020 1303 in
1043 1239 1135 1304 initio
1166 1239 1267 1322 positi
1291 1243 1371 1304 sunt

89 1362 212 1426 parvae
236 1362 376 1409 scaenae
399 1343 556 1426 tragicae,
581 1363 663 1423 quae
686 1343 793 1408 tendit
813 1363 833 1409 a
853 1363 952 1411 versu
968 1343 1032 1409 706
1057 1364 1159 1426 usque
1178 1347 1221 1411 ad
1236 1365 1370 1412 versum

89 1448 163 1515 715.
208 1451 332 1516 Versus
357 1453 434 1516 sunt
457 1449 493 1516 8:
516 1449 628 1516 indiss.
645 1447 674 1529 6,
698 1453 782 1533 trag.
799 1449 828 1516 2.
871 1450 988 1517 Omnia
1010 1471 1089 1518 vero
1113 1453 1195 1518 haec
1218 1452 1370 1534 exempla

88 1557 254 1623 trimetros
278 1557 447 1622 continent
468 1556 680 1623 indissolutos
712 1560 810 1637 atque
838 1557 979 1623 directos
1012 1559 1054 1623 ad
1076 1577 1251 1640 personas,
1285 1577 1369 1639 quae

89 1683 221 1730 munere
255 1663 440 1729 nuntiorum
474 1663 665 1747 iunguntur.
719 1663 848 1730 Summo
883 1665 985 1748 igitur
1013 1665 1083 1730 iure
1114 1666 1178 1731 iam
1208 1665 1243 1731 in
1273 1686 1369 1748 para-

88 1771 213 1854 grapho
237 1770 453 1836 antecedente
477 1790 517 1836 ea
541 1770 640 1838 affere
664 1770 855 1853 potuissem,
886 1791 962 1836 nam
985 1773 1098 1838 eadem
1121 1773 1209 1838 inest
1231 1773 1369 1854 parodia

88 1895 248 1960 personae
270 1876 428 1961 tragicae,
454 1877 494 1944 de
518 1897 583 1959 qua
605 1897 706 1960 supra
729 1878 863 1962 egimus.

651 2069 806 2160 Equites.

194 2218 247 2266 vv.
272 2196 456 2264 611-614.
503 2197 599 2262 (thori
622 2197 688 2262 dux
710 2197 906 2264 botularium
930 2219 970 2264 ex
994 2199 1144 2265 contione
1168 2202 1364 2271 redeuntem

89 2304 254 2372 sordidum
283 2304 389 2385 illum,
421 2303 475 2386 qui
498 2305 600 2371 verba
624 2305 664 2370 de
687 2303 757 2369 foro
782 2303 913 2386 arripit,
945 2324 1093 2371 sermone
1122 2307 1344 2390 elegantissim
1360 2343 1388 2383 q

89 2413 224 2478 salutat.
262 2411 427 2496 Quattuor
450 2415 526 2476 sunt
549 2430 665 2477 versus
681 2411 875 2477 indissolnti.
914 2413 997 2477 Num
1013 2412 1094 2478 hacc
1117 2417 1154 2478 ut
1169 2413 1371 2489 Zielinskin

88 2522 219 2602 poetam
253 2539 293 2586 ea
323 2519 364 2584 de
395 2536 497 2585 causa
529 2518 578 2584 ita
612 2519 831 2600 composuisse
865 2521 979 2601 patae,
1015 2519 1091 2600 qnia
1126 2513 1215 2586 chori
1249 2541 1369 2596 versum

88 2645 217 2709 semper
245 2626 390 2709 tragicos
424 2663 463 2672 -
495 2628 532 2690 nt
554 2624 724 2691 Zielinskii
754 2629 830 2691 utar
861 2625 1100 2708 significatione
1125 2665 1165 2672 -
1198 2647 1272 2694 esse
1302 2628 1330 2694 si
1346 2661 1373 2696 ι

88 2733 362 2816 praescripserit?
407 2733 623 2816 Inspiciamus
651 2733 784 2800 fabulae
816 2735 990 2800 exordium.
1036 2735 1225 2800 Botularius
1248 2736 1383 2818 procia

42 2919 44 2922 v
88 2860 192 2908 verna
214 2859 286 2906 eum
308 2840 399 2907 iubet

209 2943 308 3029 **άγε
332 2944 373 3031 δὴ
399 2944 439 3010 σύ
455 2947 611 3010 κατάθου
634 2950 751 3030 πρῶτα
771 2945 814 3009 τά
831 2943 931 3032 σκεύη
948 2951 1057 3029 χαμαί
1078 2945 1141 3012 155

88 3075 212 3140 Versus
244 3072 383 3138 comicus
415 3076 482 3153 est,
517 3091 602 3138 nnnc
631 3091 710 3139 vero
740 3091 844 3160 verna
875 3091 1047 3155 personam
1070 3071 1230 3156 tragicam
1261 3072 1364 3143 indui

87 3180 258 3264 pergitque

250 3280 368 3349 ἔπειτα
390 3284 451 3369 τὴν
473 3289 532 3371 γῆν
555 3285 748 3368 πρόσκυσον
770 3286 825 3348 καὶ
848 3283 925 3360 τους
943 3283 1055 3358 θεοὺς.
1080 3283 1143 3350 156
1256 3280 1259 3285 ⁴

90 3397 187 3476 atque
218 3412 305 3458 nunc
336 3393 556 3474 stupefactum
584 3391 797 3474 botularium,
828 3392 882 3473 qui
913 3392 1024 3458 timide
1056 3392 1086 3458 ei
1114 3392 1303 3472 obsequitur

90 3519 145 3566 ore
177 3500 290 3566 adstat
321 3502 434 3582 aperto
465 3519 569 3580 neque
603 3499 783 3581 intellegit,
819 3499 895 3580 quid
919 3499 982 3564 sibi
1013 3499 1094 3566 velit
1124 3499 1311 3582 magnificet

89 3609 270 3689 verborum,
295 3606 459 3688 exquisita
482 3605 665 3694 subtilitate
689 3605 846 3673 sermonis
870 3607 1010 3672 salutat:

227 3734 245 3772 ³¹¹
571 3722 596 3792 oi
617 3728 751 3813 μακάρι’
774 3717 799 3792 ὦ
823 3729 965 3794 πλούσιε
1081 3729 1144 3795 157

251 3825 276 3900 ὦ
299 3840 359 3901 νῦν
381 3835 442 3919 μὲν
467 3835 574 3910 οὐδεὶς
598 3833 712 3921 αὔριον
736 3835 765 3900 δ’
781 3834 968 3923 ὑπέρμεγας

251 3932 276 4007 ὦ
300 3948 366 4008 τῶν
384 3942 547 4030 Ἀθηνέων
568 3941 645 4025 ταγὲ
668 3946 735 4006 σοῖν
757 3942 972 4025 εὐδαιμόνων.

90 4052 204 4118 Nonne
227 4071 281 4118 res
305 4052 419 4117 eadem
442 4050 518 4116 est?
564 4050 748 4133 Tragoedia
770 4049 881 4134 agitur
903 4049 936 4115 in
960 4051 1065 4134 nugis.

198 4267 225 4334 1)
251 4255 467 4341 σκυθρωπός.
492 4264 606 4332 Tragici
630 4281 653 4320 e.
679 4280 720 4334 gr.
746 4263 890 4333 Euripides
919 4264 1026 4332 saepius
1054 4264 1105 4317 hoc
1131 4263 1214 4318 verbo
1242 4278 1258 4315 n

91 4348 220 4429 δόμων·
246 4355 307 4410 Ηοο
331 4369 439 4422 quoque
458 4355 620 4409 vocabulum
638 4353 770 4423 imprimis
790 4368 854 4408 vero
873 4353 988 4422 pluralis
1006 4367 1136 4406 numerus
1155 4367 1189 4405 ex
1206 4357 1256 4416 trm

91 4461 142 4501 nen
160 4444 269 4500 dicendi
285 4443 390 4512 pet-itus
408 4450 458 4498 est.
