2776 4906
607 333 825 400 ‚46-

183 533 280 598 Hunc
301 532 407 597 locum
429 530 613 612 Vesperum
634 527 669 593 in
692 527 966 610 comparationem
989 547 1109 595 vocare
1131 527 1224 594 licet:

237 671 308 736 ἀλλ’
332 670 373 746 ὥς
395 672 539 754 τάχιστα
562 675 666 754 στῆθι
688 669 794 734 τάσδε
816 667 877 744 τὰς
900 668 999 744 δετὰς
1065 671 1163 753 Vesp.
1189 668 1267 739 1361

236 777 375 864 λαβοῦσ’
399 776 439 843 ἵν’
464 777 566 841 αὐτὸν
588 777 735 842 τωθάσω
757 780 911 851 νεανικῶς

237 883 312 959 οἵως
334 882 419 950 ποθ’
441 910 469 948 κ.
486 909 515 949 τ.
530 883 560 947 λ.

76 1030 239 1097 Philocleo
262 1032 406 1096 scortum
429 1029 550 1094 abdere
573 1029 694 1094 studet.
732 1027 794 1093 His
818 1032 928 1094 autem
947 1028 1096 1094 versibus
1113 1030 1335 1111 spectatoribus

77 1137 232 1218 quomodo
256 1135 357 1202 filium
379 1135 518 1201 ludibrio
541 1136 664 1201 babere
687 1135 769 1201 volit
792 1133 934 1216 exponit.

181 1263 221 1327 In
236 1263 374 1342 utroque
389 1261 464 1326 ludo
481 1261 565 1326 haec
580 1258 750 1326 observari
765 1262 911 1341 possunt.
950 1260 1055 1326 Poeta
1070 1258 1201 1341 utrique
1215 1278 1339 1330 ιιιιιιι

76 1367 326 1451 explicationem
357 1386 482 1449 eorum,
514 1386 598 1448 quae
628 1385 714 1432 nunc
745 1369 857 1432 essent
885 1367 1030 1448 agenda,
1061 1364 1239 1448 praemisit.
1279 1367 1341 1434 Non

75 1474 141 1540 iarn
175 1474 341 1540 auditores
373 1493 531 1556 suspenso
568 1473 673 1539 animo
710 1476 919 1555 exspectant,
955 1472 1031 1553 quid
1063 1471 1266 1556 Megarensis
1296 1475 1343 1541 vol

75 1580 239 1647 Philocleo
264 1581 369 1647 acturi
392 1579 467 1661 sint,
491 1581 585 1646 immo
609 1579 695 1646 tollit
717 1582 816 1662 poeta
839 1579 1127 1661 exspectationem.

180 1721 396 1804 Inspiciamus
430 1721 585 1804 Equitum
622 1722 800 1805 prologum.
856 1722 987 1787 Vernae
1024 1721 1266 1803 spectatoribus
1296 1740 1349 1789 ex·

75 1832 269 1912 posuerunt,
299 1830 457 1911 quomodo
487 1848 541 1895 res
573 1848 609 1895 se
639 1829 784 1894 habeant
814 1828 848 1892 iu
877 1828 969 1893 domo
993 1828 1125 1910 Populi:
1157 1827 1354 1897 calamitatis

76 1937 240 2002 auctorem
264 1954 338 2002 csse
353 1936 514 2002 Cleonem.
555 1935 744 2001 Remedium
768 1937 965 2016 quaerentes
989 1935 1122 2000 oracula
1137 1935 1360 2021 perlegerunt,

76 2061 152 2109 ecce
175 2042 364 2110 inveniunt:

235 2183 494 2270 ἀλλαντοπώλης
516 2181 595 2248 ’ἐσθ’
619 2183 636 2248 ὁ
660 2187 780 2247 τοῦτον
804 2183 933 2259 ἐξελῶν.
1065 2185 1147 2266 EqU.
1173 2183 1238 2251 143

189 2289 514 2378 -ᾰλλαντοπώλης
539 2283 565 2353 ol
586 2289 756 2355 Πόσειδον
778 2294 836 2376 τῆς
859 2289 986 2378 τέχνης.

190 2396 317 2483 “papa
341 2400 408 2461 ποῦ
431 2395 491 2461 ιόν
515 2394 623 2484 ἄνδρα
646 2400 764 2461 τοῦτον
790 2396 1009 2483 ἐξευρήσομεν
1017 2424 1029 2478 ,·

237 2507 385 2592 ζητῶμεν
409 2503 521 2569 αὐτόν.
545 2562 579 2568 -.
603 2503 674 2567 ἀλλ’
699 2502 754 2568 ὁδὶ
778 2503 1011 2589 προσέρχεται.

77 2649 186 2732 Quid?
216 2668 324 2714 nonno
346 2648 448 2715 totius
472 2649 606 2715 fabulae
630 2651 855 2732 argumentum
877 2649 928 2714 his
959 2649 1073 2731 paucis
1101 2654 1200 2732 poeta
1223 2650 1347 2734 prodit:

76 2756 176 2822 Tollit
197 2755 300 2839 igitur
321 2755 374 2821 hic
397 2774 523 2836 quoque
547 2754 825 2838 exspectationem
848 2775 909 2821 nec
931 2755 965 2820 id
987 2755 1181 2823 inconsulto.
1221 2756 1306 2841 Spec
1329 2782 1348 2814 2

76 2866 166 2928 tores
197 2882 238 2928 ex
269 2862 340 2928 sola
374 2861 597 2928 scaenicorum
632 2861 809 2945 imaginum
843 2861 1007 2929 varietate
1042 2882 1081 2929 ac
1115 2863 1368 2946 pulchritudirn

76 2969 279 3051 voluptatem
308 2970 472 3035 commode
502 2968 669 3052 percipere
701 2969 866 3035 debebant
896 2970 986 3036 nulla
1016 2970 1265 3052 exspectatione
1295 2998 1325 3047 ις
1353 2965 1384 2981 ’

77 3075 140 3141 tati
170 3079 204 3141 et
235 3080 383 3159 exempto
414 3079 517 3157 metu,
553 3076 607 3158 qui
636 3076 785 3159 proprius
818 3075 881 3140 fuit
910 3077 1117 3160 tragoediae,
1151 3077 1186 3144 id
1216 3077 1359 3144 maxim

75 3185 309 3264 persequentes
333 3183 452 3264 oculis,
484 3203 548 3265 qua
578 3183 633 3250 via
656 3187 755 3264 poeta
779 3183 939 3249 actionem
968 3184 1129 3250 adfinem
1152 3183 1388 3266 praedictat

77 3287 312 3375 conduceret.¹)
389 3318 392 3325 ·

183 3415 248 3481 Sed
278 3415 449 3482 redeamus
481 3415 522 3481 ad
553 3415 728 3481 trimetros.
774 3417 914 3496 Versus,
946 3415 1000 3497 qui
1029 3415 1128 3481 talem
1161 3435 1258 3497 quam
1290 3416 1378 3482 ds·

75 3517 259 3605 argumenti
292 3521 591 3605 pronuntiationem
622 3521 789 3589 continent
824 3542 890 3588 non
924 3523 1039 3588 mirum
1069 3527 1121 3588 est
1154 3526 1288 3604 poetam
1323 3543 1354 3590 θ

75 3628 228 3711 graviore
251 3629 394 3712 pondere
417 3627 551 3694 recitari
573 3628 717 3696 voluisse
741 3632 775 3695 et
790 3629 979 3710 diligentius
996 3629 1227 3696 conformasse.
1260 3627 1381 3714 Quod

76 3755 147 3800 cum
170 3735 235 3802 iarn
257 3737 291 3801 in
314 3735 471 3802 trimetris
492 3753 592 3817 supra
608 3735 718 3802 allatis
735 3737 905 3804 observari
920 3737 1033 3819 possit,
1057 3756 1098 3802 ex
1114 3736 1234 3804 ceteris
1250 3737 1374 3822 magis

75 3842 216 3908 elucebit
239 3841 405 3925 exemplis,
430 3860 513 3923 quae
536 3861 623 3907 nunc
644 3841 818 3925 proferam.

182 4129 209 4192 1)
227 4128 332 4182 Eadem
348 4143 392 4182 rea
411 4133 463 4197 est,
482 4128 506 4182 si
524 4132 608 4196 poeta
627 4128 777 4183 certamina
795 4128 918 4182 instituit
935 4129 1012 4183 velut
1031 4129 1060 4183 in
1079 4129 1225 4196 Equitibus
1243 4128 1356 4184 Cleonis

74 4222 103 4270 et
131 4215 277 4284 botularii,
311 4216 340 4270 in
369 4217 453 4272 Ranis
484 4217 614 4284 Aeschyli
645 4222 675 4272 et
703 4216 858 4286 Euripidis,
894 4233 1007 4283 quornm
1038 4217 1218 4273 certaminum
1248 4217 1353 4273 exitum

73 4311 255 4372 eventumque
291 4321 370 4360 nemo
399 4311 442 4361 est
473 4306 537 4373 quin
567 4306 739 4375 praevideat.
787 4305 884 4360 Noluit
913 4311 997 4374 poeta
1030 4306 1265 4374 exspectationem
1294 4321 1352 4362 ιιι·

73 4394 199 4461 pendere.
