2776 4906
613 353 832 422 -80-

829 546 931 635 ἄθρει
1075 552 1154 620 Pac.
1180 551 1250 619 538

240 647 312 722 οἷον
335 656 420 744 πρὸς
444 656 589 743 ἀλλήλας
611 657 771 723 λαλοῦσιν
794 656 832 722 αἱ
853 657 969 732 πόλεις

240 764 469 848 διαλλαγεῖσαι
491 767 547 830 καὶ
569 765 706 848 γελῶσιν
730 763 873 848 ἄσμεναι

78 892 168 957 Idem
191 893 381 976 Trygaeus,
412 911 485 959 cum
514 892 548 956 in
580 896 701 958 terram
726 892 877 972 advenit,
909 912 1004 961 servo
1037 913 1090 960 res
1122 895 1294 961 caelestes
1319 915 1345 961 er

79 1000 189 1082 plicat.
236 999 388 1066 Cometes
412 1000 532 1067 divites
557 1000 672 1066 stellas
696 1019 769 1066 esse
794 999 889 1082 dicit,
920 1019 1004 1081 quae
1034 999 1126 1069 faces
1159 1001 1194 1068 in
1220 1001 1345 1069 manihu

79 1110 232 1173 tenentes
258 1107 383 1173 caelum
407 1111 614 1189 percurrant:

569 1231 639 1296 ἀπὸ
664 1235 804 1296 δείπνου
827 1230 914 1305 τινὲς
1074 1234 1152 1300 Pac.
1176 1231 1248 1298 840

238 1345 305 1406 τῶν
328 1340 498 1405 πλουσίων
522 1331 613 1405 οὗτοι
636 1337 810 1422 βαδίζονσ’
834 1337 995 1420 ἀστέρων,

186 2334 256 2399 Iam
280 2332 322 2398 ad
346 2331 442 2397 finem
465 2331 672 2413 pervenimus
696 2332 791 2397 huius
816 2332 1017 2431 quaestionis
1046 2353 1129 2415 quae
1153 2331 1219 2399 fuit
1242 2333 1282 2399 de
1303 2334 1345 2401 tri

79 2440 191 2506 metris
215 2439 466 2521 Aristophaneis
490 2439 666 2505 exactioris
691 2439 772 2506 artis
797 2442 894 2520 atque
918 2440 1064 2522 inprimis
1088 2439 1217 2522 quidem
1242 2440 1282 2506 de
1303 2443 1345 2508 tri

79 2549 191 2614 metris
214 2546 420 2614 indissolutis
444 2566 524 2627 quos
548 2546 723 2613 nominavi.

186 2675 291 2757 Quam
329 2672 477 2739 eruditae
515 2672 638 2739 fuerint
677 2691 773 2738 aures
812 2672 1061 2738 Atheniensium
1103 2673 1224 2756 optime
1267 2674 1345 2740 doce

78 2781 217 2847 historia
240 2800 357 2849 versus

240 2905 275 2969 ἐκ
297 2905 451 2988 καμάτων
473 2905 536 2990 γὰρ
560 2897 661 2979 αὖθις
685 2897 727 2969 αὖ
749 2903 852 2990 γαλῆν
876 2904 953 2988 ὁρῶ,

79 3053 174 3115 quem
188 3032 397 3116 Hegelochus
413 3031 529 3097 histrio
544 3035 613 3097 tam
628 3032 714 3098 male
730 3031 968 3113 pronuntiavit3
984 3050 1059 3096 nam
1076 3033 1111 3097 et
1121 3030 1345 3114 Aristophane

80 3139 136 3226 (cf.
158 3141 242 3206 Itan.
266 3137 346 3223 305)
378 3141 413 3204 et
443 3138 605 3222 Sannyrio
636 3138 691 3222 (fr.
715 3137 749 3222 8)
783 3141 870 3205 hunc
899 3157 1030 3206 versum
1060 3136 1183 3205 fabulis
1214 3136 1282 3204 suis
1311 3137 1345 3203 it

80 3251 253 3314 seruerunt
284 3248 383 3327 atque
415 3245 472 3311 alii
502 3244 645 3312 fortasse
679 3245 792 3311 comici
822 3248 939 3328 poetae
974 3247 1106 3327 praeter
1135 3243 1210 3311 illos
1242 3264 1279 3311 oo
1309 3263 1345 3310 ur

79 3358 165 3436 sunt,
188 3357 225 3420 ut
243 3353 344 3419 risum
361 3353 544 3419 auditorum
560 3353 754 3419 excitarent.
792 3353 949 3418 Libenter
965 3355 1074 3418 autem
1090 3355 1206 3434 poetas
1223 3351 1345 3418 comice

80 3461 220 3528 artificia
243 3459 433 3541 huiusmodi,
466 3479 549 3541 quae
573 3459 651 3526 solis
677 3459 808 3526 auribus
832 3458 955 3542 percipi
977 3461 1140 3540 poterant,
1173 3457 1345 3525 adhibuiss

80 3588 121 3634 ex
142 3569 205 3634 hoc
231 3565 296 3632 iam
325 3566 471 3648 exemplo
503 3567 600 3649 plane
631 3570 769 3648 apparet
799 3583 904 3646 neque
935 3582 1008 3630 esse
1039 3583 1152 3647 spero,
1183 3564 1238 3646 qui
1261 3580 1345 3648 nege

78 3673 299 3739 Athenienses
331 3672 373 3739 ad
404 3670 511 3738 omnia
542 3691 625 3753 quae
661 3670 757 3738 attuli
788 3669 928 3736 artificia
962 3669 1098 3737 metrica
1132 3674 1200 3737 tam
1232 3674 1345 3738 attent

79 3798 175 3846 aures
215 3778 400 3846 advertisse
439 3797 534 3859 quam
574 3778 616 3843 ad
653 3796 784 3845 versum
822 3777 920 3843 istum
958 3777 1130 3844 ridiculum
1163 3777 1197 3843 iu
1231 3778 1345 3844 modun

78 3885 249 3968 perditum.

184 3991 378 4070 Redeamus,
402 3990 487 4056 unde
510 3993 583 4055 tota
605 3992 687 4056 haec
711 3990 859 4072 quaestio
882 3989 1008 4056 initium
1032 3991 1135 4056 duxit.
1168 3991 1345 4074 Rumpeliu

78 4119 109 4165 v.
127 4100 156 4164 d.
171 4098 255 4163 mira
270 4096 442 4181 diligentia
458 4099 666 4179 anapaestos
682 4097 841 4180 dactylos,
857 4097 1051 4178 tribrachos,
1075 4097 1129 4178 qui
1144 4097 1178 4162 in
1193 4095 1345 4180 Aeschyl

79 4203 258 4288 Sophoclis,
281 4203 457 4286 Euripidis,
481 4203 711 4285 Aristophanis
731 4203 888 4269 trimetris
903 4202 1025 4282 insunt,
1049 4203 1249 4287 numeravit3
1273 4223 1345 4269 con

78 4310 211 4393 paravit
234 4298 398 4391 numeros,
415 4329 510 4392 ,quos
533 4309 675 4390 invenit,
706 4314 805 4391 atque
828 4309 1098 4392 Aristophanem,
1129 4311 1214 4393 quod
1236 4310 1345 4378 attin«

79 4417 121 4483 ad
151 4415 332 4483 trimetrum
363 4416 551 4497 iambicum,
585 4417 690 4483 minus
722 4416 897 4500 diligenter
926 4435 994 4483 rem
1024 4417 1192 4485 metricam
1222 4434 1345 4491 curas}
