2776 4906
653 363 870 433 „42-

192 595 306 690 Caput
329 597 542 672 secundum:
569 589 619 670 be
643 594 813 671 trimetris
838 615 929 688 quae
953 595 989 669 in
1013 614 1148 671 scaena
1170 593 1338 687 gerantur

630 697 902 794 explicantibus.
1225 710 1227 714 ’

748 824 778 899 1.

228 939 322 1004 Ι6166
336 937 597 1005 Acharneusium
619 953 736 1004 666666
760 950 860 1020 66666
882 929 938 1023 (61.
954 935 1058 1020 praei.
1075 936 1094 1024 ξ
1110 931 1146 1024 2)
1170 936 1266 1003 66116
1289 956 1338 1002 me

122 1046 244 1112 nabiles
274 1045 339 1113 6161
367 1047 444 1112 6661
466 1065 520 1112 66.
543 1043 608 1110 744
622 1063 683 1126 sa,
714 1044 831 1125 quibus
861 1045 1087 1127 pauperrimus
1117 1045 1173 1111 1116
1197 1045 1338 1127 Megara:

121 1155 216 1218 bomo
240 1172 313 1218 cum
335 1152 410 1218 filiis
433 1155 503 1219 tum
527 1151 769 1234 spectatoribus
800 1151 944 1234 explieat
971 1152 1147 1218 mutandas
1174 1152 1250 1217 11166
1274 1165 1338 1217 esso

121 1261 245 1342 figuras
277 1261 490 1342 porculorum.
543 1254 707 1343 Quattuor
737 1259 793 1324 isti
823 1277 940 1327 666666
971 1259 1187 1325 solutionibus
1219 1276 1337 1325 caruer

122 1367 196 1450 Qua
224 1386 304 1434 vero
335 1367 375 1432 de
406 1386 508 1433 causa
537 1365 680 1432 rusticus
710 1365 767 1432 ille
797 1367 891 1431 homo
926 1368 995 1432 tam
1026 1365 1178 1448 expolitis
1213 1366 1317 1431 utitur

122 1473 261 1539 metris?
328 1475 434 1539 Poeta
478 1475 564 1540 banc
609 1474 907 1555 metamorphoseos
954 1472 1108 1539 insolitae
1154 1472 1338 1555 explicatior

123 1581 239 1646 altiore
270 1599 350 1646 sono
380 1579 514 1647 recitari
544 1580 650 1663 661611
681 1579 871 1661 adiuvitque
902 1579 1096 1647 recitantem
1126 1579 1281 1662 graviore
1309 1599 1338 1643 m

122 1706 263 1754 incessu.

229 1794 344 1860 Obiter
375 1813 475 1876 supra
504 1793 525 1859 l.
548 1793 569 1860 1.
593 1793 687 1860 uobis
717 1793 965 1874 quaerentibus.
982 1793 1015 1859 16
1040 1792 1300 1860 Acharuensium
1330 1793 1338 1857 1

122 1900 236 1967 fabula
259 1900 378 1967 similia
400 1903 621 1967 occurrerunt.
666 1899 875 1983 Dioaeopolis
893 1899 1090 1983 Amphitbeo
1114 1918 1198 1981 quae
1221 1900 1251 1966 61
1275 1919 1336 1983 age

122 2008 189 2074 siut
220 2007 371 2090 explicat.
424 2007 595 2074 Γ1616661616
625 2007 696 2074 1666
726 2007 930 2075 indissolutis
960 2006 1065 2073 utitur
1098 2005 1155 2093 (61.
1178 2028 1232 2076 66.
1256 2005 1321 2072 130

123 2117 221 2195 atque
244 2114 294 2180 ita
317 2113 520 2180 auditoribus
543 2113 646 2197 166166
670 2113 804 2181 fabulae
828 2113 1013 2198 argumenti
1035 2117 1163 2196 partem
1179 2113 1338 2181 communi

121 2221 337 2304 Amphitbeus
369 2240 405 2288 66
437 2220 661 2305 661661166666
691 2241 765 2288 6666
796 2221 923 2288 1616166
952 2240 1051 2289 66666
1073 2221 1268 2288 indissoluto
1299 2219 1338 2307 (21

121 2327 316 2393 Niearobum
358 2327 488 2410 prodire
526 2327 734 2410 Dioaeopolis
777 2347 876 2394 versu
913 2327 1107 2394 indissoluto
1146 2332 1262 2394 666661
1299 2326 1338 2414 (9i

121 2432 245 2500 Eodem
279 2432 372 2500 modo
412 2431 528 2500 chorus
567 2435 714 2500 nuntium
754 2435 1030 2518 appropinquare,
1068 2434 1225 2501 Lamachi
1261 2434 1338 2501 fami

121 2537 284 2605 domiuum
306 2540 438 2605 iamiam
461 2540 629 2623 apportari
652 2544 857 2623 spectatores
890 2541 986 2607 docet
1015 2541 1166 2608 versibus
1197 2540 1338 2607 indissob

122 2642 409 2731 (10696.,1189).
484 2670 487 2674 >

227 2753 325 2818 Tales
355 2771 472 2819 versus
502 2753 655 2836 66661666
685 2754 829 2836 pondere
857 2753 992 2820 recitari
1022 2773 1076 2820 666
1107 2753 1181 2836 1666
1195 2755 1338 2836 6661616

121 2877 181 2923 666
219 2857 345 2942 indigui
383 2862 477 2941 6661,
520 2859 574 2940 qni
613 2859 760 2927 adhibita
798 2861 1017 2943 exemplorum
1059 2861 1156 2942 larga
1194 2861 1338 2928 multitud

122 2965 307 3031 accuratius
331 2984 352 3030 6
375 2965 469 3031 uobis
493 2965 749 3032 considerentur.

745 3179 776 3246 2.

227 3284 391 3367 Suspenso
416 3289 505 3352 66616
529 3287 636 3353 auimo
660 3290 866 3370 spectatores
890 3289 1020 3354 chorum
1045 3291 1293 3372 exspectabant,
1324 3311 1338 3372 p

120 3395 289 3474 poetarum
312 3391 479 3476 ingenium
501 3393 536 3459 16
560 3395 621 3459 bae
643 3413 680 3459 re
703 3393 878 3476 praecipue
902 3395 1093 3476 elaboravit,
1124 3399 1161 3462 ut
1183 3414 1288 3463 novas
1311 3398 1338 3463 cl

119 3497 241 3563 tormas
256 3495 488 3583 inducerent.²)
523 3498 617 3584 Quod
632 3499 760 3582 quidem
777 3499 897 3567 attinet
913 3501 956 3567 ad
971 3501 1232 3585 Aristophanem,
1253 3501 1338 3569 vider

120 3623 192 3669 eum
214 3603 248 3669 in
271 3602 412 3670 fabulae·
428 3603 486 3670 illa
508 3609 614 3689 parte,
639 3624 722 3687 quae
746 3606 836 3672 chori
858 3606 1015 3689 paronam
1037 3607 1214 3691 praecedit,
1238 3607 1278 3674 de
1302 3609 1338 3674 cb

33 3796 35 3800 Ι
119 3728 244 3790 quoque
275 3710 381 3791 qualis
413 3709 457 3776 sit
487 3711 658 3792 loquentes
690 3711 801 3778 166666
831 3730 1007 3794 personas,
1038 3712 1101 3779 nisi
1133 3713 1234 3794 quod,
1266 3712 1294 3778 61
1325 3733 1338 3779 6

119 3819 232 3882 666166
267 3817 393 3884 vultum
427 3816 642 3884 cottidianum
675 3837 741 3884 non
775 3819 941 3885 exuebant
974 3837 1079 3902 neque
1113 3822 1151 3886 ut
1185 3819 1225 3885 de
1258 3819 1338 3886 Arci

118 3920 283 4001 66661166,
307 3921 362 4003 qui
385 3925 507 4003 essent,
530 3924 730 3990 narrandum
752 3927 834 4005 erat,
858 3926 957 4006 poeta
979 3924 1134 3992 videlicet
1156 3926 1198 3991 rie
1221 3926 1338 3995 6166661

117 4026 220 4092 multa
251 4029 354 4094 verba
388 4025 486 4108 16611,
521 4027 555 4094 iu
585 4030 671 4110 quod
704 4029 738 4095 in
769 4029 847 4112 Lys.
879 4031 1008 4096 Thesm.
1038 4031 1128 4098 Eccl.
1158 4030 1247 4097 Pluti
1277 4030 1338 4099 1616

118 4133 287 4199 observari
314 4136 433 4217 661661.
478 4134 532 4200 Ex
563 4135 679 4216 quibus
710 4155 782 4202 cum
805 4135 875 4202 1666
899 4137 1027 4202 omuino
1058 4157 1124 4203 nou
1155 4137 1199 4204 sit
1230 4137 1314 4218 quod

117 4239 221 4320 possit
244 4239 367 4320 6116661,
399 4257 436 4306 66
460 4240 566 4324 magis
590 4260 707 4309 versus
731 4241 941 4308 considerare
964 4242 1113 4324 interest,
1141 4243 1252 4326 quiin
1275 4242 1338 4309 fabr

118 4361 328 4371 *—

223 4415 251 4483 1)
270 4415 303 4475 of.
322 4416 391 4484 aqu.
410 4417 464 4473 tao
476 4433 513 4474 66.

70 4576 222 4626 Δ
