<?xml version="1.0" encoding="UTF-8"?>
<!DOCTYPE html PUBLIC "-//W3C//DTD XHTML 1.0 Transitional//EN"
    "http://www.w3.org/TR/xhtml1/DTD/xhtml1-transitional.dtd">
<html xmlns="http://www.w3.org/1999/xhtml" xml:lang="en" lang="en">
 <head>
  <title>
</title>
<meta http-equiv="Content-Type" content="text/html;charset=utf-8" />
  <meta name='ocr-system' content='tesseract 3.04.00' />
  <meta name='ocr-capabilities' content='ocr_page ocr_carea ocr_par ocr_line ocrx_word'/>
</head>
<body>
  <div class='ocr_page' id='page_1' title='image "./dearistophanist00klaugoog_0097.png"; bbox 0 0 2776 4906; ppageno 0'>
   <div class='ocr_carea' id='block_1_1' title="bbox 617 765 907 878">
    <p class='ocr_par' dir='ltr' id='par_1_1' title="bbox 617 765 907 878">
     <span class='ocr_line' id='line_1_1' title="bbox 617 765 907 878; baseline 0.014 -2"><span class='ocrx_word' id='word_1_1' title='bbox 617 765 799 878; x_wconf 87' lang='lat' dir='ltr'><strong>Vita.</strong></span> <span class='ocrx_word' id='word_1_2' title='bbox 905 838 907 842; x_wconf 23' lang='grc' dir='ltr'><strong><em>ι</em></strong></span> 
     </span>
    </p>
   </div>
   <div class='ocr_carea' id='block_1_2' title="bbox 159 1009 1348 1102">
    <p class='ocr_par' dir='ltr' id='par_1_2' title="bbox 159 1009 1348 1102">
     <span class='ocr_line' id='line_1_2' title="bbox 159 1009 1348 1102; baseline 0.006 -20"><span class='ocrx_word' id='word_1_3' title='bbox 159 1016 328 1084; x_wconf 80' lang='lat' dir='ltr'><strong>Ricardus</strong></span> <span class='ocrx_word' id='word_1_4' title='bbox 360 1009 488 1081; x_wconf 82' lang='lat' dir='ltr'><strong>Klauer</strong></span> <span class='ocrx_word' id='word_1_5' title='bbox 521 1021 620 1083; x_wconf 90' lang='lat' dir='ltr'><strong>natus</strong></span> <span class='ocrx_word' id='word_1_6' title='bbox 655 1036 724 1082; x_wconf 92' lang='lat' dir='ltr'><strong>sum</strong></span> <span class='ocrx_word' id='word_1_7' title='bbox 761 1017 953 1085; x_wconf 82' lang='lat' dir='ltr'><strong>Offenbaohi</strong></span> <span class='ocrx_word' id='word_1_8' title='bbox 986 1018 1021 1085; x_wconf 92' lang='lat' dir='ltr'><strong>in</strong></span> <span class='ocrx_word' id='word_1_9' title='bbox 1056 1020 1173 1102; x_wconf 90' lang='lat' dir='ltr'><strong>oppido</strong></span> <span class='ocrx_word' id='word_1_10' title='bbox 1204 1022 1348 1089; x_wconf 87' lang='lat' dir='ltr'><strong>Hassiae</strong></span> 
     </span>
    </p>
   </div>
   <div class='ocr_carea' id='block_1_3' title="bbox 10 1119 1347 4094">
    <p class='ocr_par' dir='ltr' id='par_1_3' title="bbox 53 1119 1347 1849">
     <span class='ocr_line' id='line_1_3' title="bbox 53 1119 1347 1211; baseline 0.008 -26"><span class='ocrx_word' id='word_1_11' title='bbox 53 1139 77 1185; x_wconf 84' lang='lat' dir='ltr'><strong>a.</strong></span> <span class='ocrx_word' id='word_1_12' title='bbox 101 1120 135 1187; x_wconf 84' lang='lat' dir='ltr'><strong>d.</strong></span> <span class='ocrx_word' id='word_1_13' title='bbox 163 1125 252 1191; x_wconf 89' lang='lat' dir='ltr'>XIII</span> <span class='ocrx_word' id='word_1_14' title='bbox 282 1121 357 1189; x_wconf 87' lang='lat' dir='ltr'><strong>Kal.</strong></span> <span class='ocrx_word' id='word_1_15' title='bbox 381 1119 480 1190; x_wconf 86' lang='lat' dir='ltr'><strong>Mart.</strong></span> <span class='ocrx_word' id='word_1_16' title='bbox 511 1144 540 1190; x_wconf 83' lang='lat' dir='ltr'><strong>a</strong></span> <span class='ocrx_word' id='word_1_17' title='bbox 564 1123 889 1190; x_wconf 78' lang='lat' dir='ltr'>MDCOOLXXXIII</span> <span class='ocrx_word' id='word_1_18' title='bbox 922 1128 1018 1208; x_wconf 92' lang='lat' dir='ltr'><strong>patre</strong></span> <span class='ocrx_word' id='word_1_19' title='bbox 1050 1125 1208 1211; x_wconf 60' lang='lat' dir='ltr'><strong>Georgia</strong></span> <span class='ocrx_word' id='word_1_20' title='bbox 1242 1132 1347 1196; x_wconf 88' lang='lat' dir='ltr'><strong>matre</strong></span> 
     </span>
     <span class='ocr_line' id='line_1_4' title="bbox 53 1227 1346 1315; baseline 0.008 -23"><span class='ocrx_word' id='word_1_21' title='bbox 53 1227 214 1298; x_wconf 77' lang='lat' dir='ltr'><strong>Carolina</strong></span> <span class='ocrx_word' id='word_1_22' title='bbox 246 1253 263 1298; x_wconf 92' lang='lat' dir='ltr'><strong>e</strong></span> <span class='ocrx_word' id='word_1_23' title='bbox 295 1235 394 1313; x_wconf 90' lang='lat' dir='ltr'><strong>gente</strong></span> <span class='ocrx_word' id='word_1_24' title='bbox 424 1231 654 1311; x_wconf 88' lang='lat' dir='ltr'><strong>Hadermann,</strong></span> <span class='ocrx_word' id='word_1_25' title='bbox 690 1232 806 1313; x_wconf 88' lang='lat' dir='ltr'><strong>quibus</strong></span> <span class='ocrx_word' id='word_1_26' title='bbox 841 1233 947 1299; x_wconf 86' lang='lat' dir='ltr'><strong>adhue</strong></span> <span class='ocrx_word' id='word_1_27' title='bbox 982 1233 1214 1315; x_wconf 79' lang='lat' dir='ltr'><strong>superstitibus</strong></span> <span class='ocrx_word' id='word_1_28' title='bbox 1248 1235 1346 1302; x_wconf 86' lang='lat' dir='ltr'><strong>valde</strong></span> 
     </span>
     <span class='ocr_line' id='line_1_5' title="bbox 53 1336 1346 1423; baseline 0.005 -22"><span class='ocrx_word' id='word_1_29' title='bbox 53 1338 197 1420; x_wconf 81' lang='lat' dir='ltr'>gaudeo.</span> <span class='ocrx_word' id='word_1_30' title='bbox 238 1337 334 1404; x_wconf 82' lang='lat' dir='ltr'><strong>Fidei</strong></span> <span class='ocrx_word' id='word_1_31' title='bbox 357 1336 507 1404; x_wconf 84' lang='lat' dir='ltr'><strong>addictus</strong></span> <span class='ocrx_word' id='word_1_32' title='bbox 531 1359 602 1405; x_wconf 90' lang='lat' dir='ltr'><strong>sum</strong></span> <span class='ocrx_word' id='word_1_33' title='bbox 626 1339 847 1423; x_wconf 81' lang='lat' dir='ltr'><strong>evangelicae.</strong></span> <span class='ocrx_word' id='word_1_34' title='bbox 893 1339 1095 1406; x_wconf 77' lang='lat' dir='ltr'><strong>Litterarum</strong></span> <span class='ocrx_word' id='word_1_35' title='bbox 1119 1341 1346 1409; x_wconf 81' lang='lat' dir='ltr'><strong>elementiam</strong></span> 
     </span>
     <span class='ocr_line' id='line_1_6' title="bbox 55 1444 1345 1530; baseline 0.004 -21"><span class='ocrx_word' id='word_1_36' title='bbox 55 1444 149 1510; x_wconf 89' lang='lat' dir='ltr'><strong>urhis</strong></span> <span class='ocrx_word' id='word_1_37' title='bbox 183 1446 315 1529; x_wconf 88' lang='lat' dir='ltr'><strong>patriae</strong></span> <span class='ocrx_word' id='word_1_38' title='bbox 344 1444 419 1510; x_wconf 91' lang='lat' dir='ltr'><strong>ludo</strong></span> <span class='ocrx_word' id='word_1_39' title='bbox 450 1445 592 1511; x_wconf 90' lang='lat' dir='ltr'><strong>imbutus</strong></span> <span class='ocrx_word' id='word_1_40' title='bbox 624 1445 830 1529; x_wconf 87' lang='lat' dir='ltr'><strong>gymnasium</strong></span> <span class='ocrx_word' id='word_1_41' title='bbox 862 1445 1100 1512; x_wconf 85' lang='lat' dir='ltr'><strong>Offenbaeense</strong></span> <span class='ocrx_word' id='word_1_42' title='bbox 1135 1466 1194 1530; x_wconf 91' lang='lat' dir='ltr'><strong>per</strong></span> <span class='ocrx_word' id='word_1_43' title='bbox 1228 1468 1345 1516; x_wconf 84' lang='lat' dir='ltr'><strong>nouem</strong></span> 
     </span>
     <span class='ocr_line' id='line_1_7' title="bbox 56 1551 1346 1635; baseline 0.005 -18"><span class='ocrx_word' id='word_1_44' title='bbox 56 1570 165 1619; x_wconf 90' lang='lat' dir='ltr'><strong>annos</strong></span> <span class='ocrx_word' id='word_1_45' title='bbox 181 1551 402 1634; x_wconf 82' lang='lat' dir='ltr'><strong>frequentavi,</strong></span> <span class='ocrx_word' id='word_1_46' title='bbox 425 1552 511 1632; x_wconf 89' lang='lat' dir='ltr'><strong>quod</strong></span> <span class='ocrx_word' id='word_1_47' title='bbox 525 1555 604 1618; x_wconf 86' lang='lat' dir='ltr'><strong>tuno</strong></span> <span class='ocrx_word' id='word_1_48' title='bbox 620 1552 822 1632; x_wconf 86' lang='lat' dir='ltr'><strong>Sohaedelio‚</strong></span> <span class='ocrx_word' id='word_1_49' title='bbox 846 1557 962 1635; x_wconf 88' lang='lat' dir='ltr'><strong>postea</strong></span> <span class='ocrx_word' id='word_1_50' title='bbox 978 1553 1147 1620; x_wconf 85' lang='lat' dir='ltr'><strong>Hensellio</strong></span> <span class='ocrx_word' id='word_1_51' title='bbox 1163 1555 1346 1623; x_wconf 78' lang='lat' dir='ltr'><strong>rectoribus</strong></span> 
     </span>
     <span class='ocr_line' id='line_1_8' title="bbox 56 1656 1344 1745; baseline 0.005 -23"><span class='ocrx_word' id='word_1_52' title='bbox 56 1657 179 1727; x_wconf 87' lang='lat' dir='ltr'><strong>floruit.</strong></span> <span class='ocrx_word' id='word_1_53' title='bbox 233 1660 284 1725; x_wconf 92' lang='lat' dir='ltr'><strong>lbi</strong></span> <span class='ocrx_word' id='word_1_54' title='bbox 306 1657 461 1740; x_wconf 89' lang='lat' dir='ltr'><strong>imprimis</strong></span> <span class='ocrx_word' id='word_1_55' title='bbox 485 1658 618 1724; x_wconf 90' lang='lat' dir='ltr'><strong>Ioannis</strong></span> <span class='ocrx_word' id='word_1_56' title='bbox 642 1656 823 1745; x_wconf 78' lang='lat' dir='ltr'><strong>Boethii†</strong></span> <span class='ocrx_word' id='word_1_57' title='bbox 858 1662 891 1724; x_wconf 86' lang='lat' dir='ltr'><strong>et</strong></span> <span class='ocrx_word' id='word_1_58' title='bbox 914 1659 1067 1726; x_wconf 81' lang='lat' dir='ltr'><strong>Guilelmi</strong></span> <span class='ocrx_word' id='word_1_59' title='bbox 1090 1661 1213 1727; x_wconf 89' lang='lat' dir='ltr'><strong>Heraei</strong></span> <span class='ocrx_word' id='word_1_60' title='bbox 1243 1662 1344 1744; x_wconf 92' lang='lat' dir='ltr'><strong>philo-</strong></span> 
     </span>
     <span class='ocr_line' id='line_1_9' title="bbox 57 1765 609 1849; baseline 0 -19"><span class='ocrx_word' id='word_1_61' title='bbox 57 1766 209 1849; x_wconf 90' lang='lat' dir='ltr'><strong>logorum</strong></span> <span class='ocrx_word' id='word_1_62' title='bbox 233 1765 405 1848; x_wconf 77' lang='lat' dir='ltr'><strong>disciplina</strong></span> <span class='ocrx_word' id='word_1_63' title='bbox 427 1784 506 1831; x_wconf 86' lang='lat' dir='ltr'><strong>usus</strong></span> <span class='ocrx_word' id='word_1_64' title='bbox 530 1784 609 1830; x_wconf 89' lang='lat' dir='ltr'><strong>sum.</strong></span> 
     </span>
    </p>

    <p class='ocr_par' dir='ltr' id='par_1_4' title="bbox 57 1872 1345 2382">
     <span class='ocr_line' id='line_1_10' title="bbox 168 1872 1344 1943; baseline 0.003 -4"><span class='ocrx_word' id='word_1_65' title='bbox 168 1876 254 1940; x_wconf 85' lang='lat' dir='ltr'><strong>Vere</strong></span> <span class='ocrx_word' id='word_1_66' title='bbox 279 1873 356 1939; x_wconf 90' lang='lat' dir='ltr'><strong>anni</strong></span> <span class='ocrx_word' id='word_1_67' title='bbox 379 1872 492 1937; x_wconf 85' lang='lat' dir='ltr'>MOMI</span> <span class='ocrx_word' id='word_1_68' title='bbox 515 1872 716 1938; x_wconf 78' lang='lat' dir='ltr'><strong>maturitatis</strong></span> <span class='ocrx_word' id='word_1_69' title='bbox 740 1873 926 1938; x_wconf 87' lang='lat' dir='ltr'><strong>testimonio</strong></span> <span class='ocrx_word' id='word_1_70' title='bbox 950 1873 1131 1940; x_wconf 79' lang='lat' dir='ltr'><strong>instructus</strong></span> <span class='ocrx_word' id='word_1_71' title='bbox 1156 1876 1198 1940; x_wconf 87' lang='lat' dir='ltr'><strong>ad</strong></span> <span class='ocrx_word' id='word_1_72' title='bbox 1221 1896 1344 1943; x_wconf 87' lang='lat' dir='ltr'><strong>meroa-</strong></span> 
     </span>
     <span class='ocr_line' id='line_1_11' title="bbox 57 1979 1345 2065; baseline 0.002 -19"><span class='ocrx_word' id='word_1_73' title='bbox 57 1985 170 2046; x_wconf 87' lang='lat' dir='ltr'><strong>turam</strong></span> <span class='ocrx_word' id='word_1_74' title='bbox 194 2001 243 2047; x_wconf 87' lang='lat' dir='ltr'><strong>me</strong></span> <span class='ocrx_word' id='word_1_75' title='bbox 269 1979 428 2060; x_wconf 78' lang='lat' dir='ltr'><strong>converti,</strong></span> <span class='ocrx_word' id='word_1_76' title='bbox 458 1979 548 2045; x_wconf 84' lang='lat' dir='ltr'><strong>ouius</strong></span> <span class='ocrx_word' id='word_1_77' title='bbox 571 1979 824 2046; x_wconf 83' lang='lat' dir='ltr'><strong>Franoofurtiae</strong></span> <span class='ocrx_word' id='word_1_78' title='bbox 856 1980 897 2045; x_wconf 83' lang='lat' dir='ltr'><strong>ad</strong></span> <span class='ocrx_word' id='word_1_79' title='bbox 921 1981 1072 2047; x_wconf 86' lang='lat' dir='ltr'><strong>Moenum</strong></span> <span class='ocrx_word' id='word_1_80' title='bbox 1095 1981 1127 2045; x_wconf 90' lang='lat' dir='ltr'><strong>in</strong></span> <span class='ocrx_word' id='word_1_81' title='bbox 1154 1984 1345 2065; x_wconf 86' lang='lat' dir='ltr'><strong>argentaria</strong></span> 
     </span>
     <span class='ocr_line' id='line_1_12' title="bbox 61 2086 1344 2168; baseline 0.002 -15"><span class='ocrx_word' id='word_1_82' title='bbox 61 2088 252 2154; x_wconf 79' lang='lat' dir='ltr'><strong>›Deutsohe</strong></span> <span class='ocrx_word' id='word_1_83' title='bbox 276 2088 391 2152; x_wconf 78' lang='lat' dir='ltr'><strong>Bank‹</strong></span> <span class='ocrx_word' id='word_1_84' title='bbox 426 2105 509 2166; x_wconf 91' lang='lat' dir='ltr'><strong>quae</strong></span> <span class='ocrx_word' id='word_1_85' title='bbox 532 2086 719 2151; x_wconf 87' lang='lat' dir='ltr'><strong>nominatur</strong></span> <span class='ocrx_word' id='word_1_86' title='bbox 745 2106 804 2168; x_wconf 90' lang='lat' dir='ltr'><strong>per</strong></span> <span class='ocrx_word' id='word_1_87' title='bbox 826 2091 895 2152; x_wconf 88' lang='lat' dir='ltr'><strong>tres</strong></span> <span class='ocrx_word' id='word_1_88' title='bbox 919 2105 1048 2152; x_wconf 91' lang='lat' dir='ltr'><strong>menses</strong></span> <span class='ocrx_word' id='word_1_89' title='bbox 1072 2087 1265 2154; x_wconf 84' lang='lat' dir='ltr'><strong>administer</strong></span> <span class='ocrx_word' id='word_1_90' title='bbox 1287 2089 1344 2156; x_wconf 84' lang='lat' dir='ltr'><strong>fui.</strong></span> 
     </span>
     <span class='ocr_line' id='line_1_13' title="bbox 57 2192 1344 2276; baseline 0.002 -17"><span class='ocrx_word' id='word_1_91' title='bbox 57 2195 217 2261; x_wconf 84' lang='lat' dir='ltr'><strong>Eiusdem</strong></span> <span class='ocrx_word' id='word_1_92' title='bbox 242 2200 349 2260; x_wconf 87' lang='lat' dir='ltr'><strong>autem</strong></span> <span class='ocrx_word' id='word_1_93' title='bbox 381 2193 458 2258; x_wconf 92' lang='lat' dir='ltr'><strong>anni</strong></span> <span class='ocrx_word' id='word_1_94' title='bbox 481 2192 586 2258; x_wconf 90' lang='lat' dir='ltr'><strong>hieme</strong></span> <span class='ocrx_word' id='word_1_95' title='bbox 617 2193 660 2257; x_wconf 89' lang='lat' dir='ltr'><strong>ad</strong></span> <span class='ocrx_word' id='word_1_96' title='bbox 683 2193 794 2258; x_wconf 84' lang='lat' dir='ltr'><strong>studia</strong></span> <span class='ocrx_word' id='word_1_97' title='bbox 820 2193 1004 2258; x_wconf 86' lang='lat' dir='ltr'><strong>litterarum</strong></span> <span class='ocrx_word' id='word_1_98' title='bbox 1034 2213 1085 2259; x_wconf 91' lang='lat' dir='ltr'><strong>me</strong></span> <span class='ocrx_word' id='word_1_99' title='bbox 1107 2195 1222 2260; x_wconf 90' lang='lat' dir='ltr'><strong>rettuli</strong></span> <span class='ocrx_word' id='word_1_100' title='bbox 1245 2199 1344 2276; x_wconf 87' lang='lat' dir='ltr'><strong>atque</strong></span> 
     </span>
     <span class='ocr_line' id='line_1_14' title="bbox 58 2299 1343 2382; baseline 0.002 -15"><span class='ocrx_word' id='word_1_101' title='bbox 58 2303 181 2369; x_wconf 87' lang='lat' dir='ltr'><strong>almam</strong></span> <span class='ocrx_word' id='word_1_102' title='bbox 204 2301 461 2369; x_wconf 85' lang='lat' dir='ltr'><strong>Universitatem</strong></span> <span class='ocrx_word' id='word_1_103' title='bbox 485 2300 756 2382; x_wconf 89' lang='lat' dir='ltr'><strong>Marpurgensem</strong></span> <span class='ocrx_word' id='word_1_104' title='bbox 780 2299 862 2379; x_wconf 86' lang='lat' dir='ltr'><strong>adii,</strong></span> <span class='ocrx_word' id='word_1_105' title='bbox 893 2301 984 2365; x_wconf 86' lang='lat' dir='ltr'><strong>ouius</strong></span> <span class='ocrx_word' id='word_1_106' title='bbox 1017 2302 1123 2368; x_wconf 84' lang='lat' dir='ltr'><strong>adhue</strong></span> <span class='ocrx_word' id='word_1_107' title='bbox 1154 2302 1235 2368; x_wconf 89' lang='lat' dir='ltr'><strong>oivis</strong></span> <span class='ocrx_word' id='word_1_108' title='bbox 1264 2321 1343 2370; x_wconf 86' lang='lat' dir='ltr'><strong>sum.</strong></span> 
     </span>
    </p>

    <p class='ocr_par' dir='ltr' id='par_1_5' title="bbox 10 2405 1345 2814">
     <span class='ocr_line' id='line_1_15' title="bbox 169 2405 1345 2476; baseline 0.001 -1"><span class='ocrx_word' id='word_1_109' title='bbox 169 2411 358 2475; x_wconf 84' lang='lat' dir='ltr'><strong>Doouerunt</strong></span> <span class='ocrx_word' id='word_1_110' title='bbox 395 2427 446 2472; x_wconf 89' lang='lat' dir='ltr'><strong>me</strong></span> <span class='ocrx_word' id='word_1_111' title='bbox 483 2406 547 2473; x_wconf 85' lang='lat' dir='ltr'><strong>viri</strong></span> <span class='ocrx_word' id='word_1_112' title='bbox 585 2405 764 2471; x_wconf 81' lang='lat' dir='ltr'><strong>doctissimi</strong></span> <span class='ocrx_word' id='word_1_113' title='bbox 801 2406 875 2471; x_wconf 92' lang='lat' dir='ltr'><strong>Birt</strong></span> <span class='ocrx_word' id='word_1_114' title='bbox 913 2407 1022 2472; x_wconf 76' lang='lat' dir='ltr'><strong>Cohen</strong></span> <span class='ocrx_word' id='word_1_115' title='bbox 1060 2409 1194 2474; x_wconf 88' lang='lat' dir='ltr'><strong>Diamar</strong></span> <span class='ocrx_word' id='word_1_116' title='bbox 1232 2410 1345 2476; x_wconf 81' lang='lat' dir='ltr'><strong>Elster</strong></span> 
     </span>
     <span class='ocr_line' id='line_1_16' title="bbox 10 2513 1343 2602; baseline 0.001 -19"><span class='ocrx_word' id='word_1_117' title='bbox 10 2556 12 2561; x_wconf 93' lang='lat'>·</span> <span class='ocrx_word' id='word_1_118' title='bbox 58 2517 196 2602; x_wconf 82' lang='lat' dir='ltr'><strong>Glagau</strong></span> <span class='ocrx_word' id='word_1_119' title='bbox 230 2517 346 2582; x_wconf 88' lang='lat' dir='ltr'><strong>Haller</strong></span> <span class='ocrx_word' id='word_1_120' title='bbox 378 2515 503 2581; x_wconf 90' lang='lat' dir='ltr'><strong>Jenner</strong></span> <span class='ocrx_word' id='word_1_121' title='bbox 536 2515 662 2580; x_wconf 86' lang='lat' dir='ltr'><strong>Jensen</strong></span> <span class='ocrx_word' id='word_1_122' title='bbox 696 2513 898 2578; x_wconf 87' lang='lat' dir='ltr'><strong>Kalhfieisoh</strong></span> <span class='ocrx_word' id='word_1_123' title='bbox 932 2515 1046 2581; x_wconf 91' lang='lat' dir='ltr'><strong>Maass</strong></span> <span class='ocrx_word' id='word_1_124' title='bbox 1082 2516 1206 2598; x_wconf 89' lang='lat' dir='ltr'><strong>Natorp</strong></span> <span class='ocrx_word' id='word_1_125' title='bbox 1244 2517 1343 2584; x_wconf 87' lang='lat' dir='ltr'><strong>Niese</strong></span> 
     </span>
     <span class='ocr_line' id='line_1_17' title="bbox 55 2619 1344 2707; baseline -0.001 -17"><span class='ocrx_word' id='word_1_126' title='bbox 55 2645 126 2691; x_wconf 93' lang='lat' dir='ltr'><strong>von</strong></span> <span class='ocrx_word' id='word_1_127' title='bbox 158 2625 215 2689; x_wconf 88' lang='lat' dir='ltr'><strong>der</strong></span> <span class='ocrx_word' id='word_1_128' title='bbox 244 2625 337 2705; x_wconf 87' lang='lat' dir='ltr'><strong>Ropp</strong></span> <span class='ocrx_word' id='word_1_129' title='bbox 376 2621 556 2687; x_wconf 85' lang='lat' dir='ltr'><strong>Sohroeder</strong></span> <span class='ocrx_word' id='word_1_130' title='bbox 594 2621 634 2684; x_wconf 87' lang='lat' dir='ltr'><strong>de</strong></span> <span class='ocrx_word' id='word_1_131' title='bbox 666 2619 765 2702; x_wconf 87' lang='lat' dir='ltr'><strong>Syhol</strong></span> <span class='ocrx_word' id='word_1_132' title='bbox 804 2619 916 2685; x_wconf 78' lang='lat' dir='ltr'><strong>Thiele</strong></span> <span class='ocrx_word' id='word_1_133' title='bbox 956 2622 1083 2687; x_wconf 83' lang='lat' dir='ltr'><strong>Thumb</strong></span> <span class='ocrx_word' id='word_1_134' title='bbox 1118 2624 1344 2707; x_wconf 88' lang='lat' dir='ltr'><strong>Varrentrapp</strong></span> 
     </span>
     <span class='ocr_line' id='line_1_18' title="bbox 54 2731 330 2814; baseline -0.014 -16"><span class='ocrx_word' id='word_1_135' title='bbox 54 2732 149 2814; x_wconf 87' lang='lat' dir='ltr'><strong>Vogt</strong></span> <span class='ocrx_word' id='word_1_136' title='bbox 171 2731 330 2797; x_wconf 88' lang='lat' dir='ltr'><strong>Wentzel.</strong></span> 
     </span>
    </p>

    <p class='ocr_par' dir='ltr' id='par_1_6' title="bbox 57 2834 1344 3654">
     <span class='ocr_line' id='line_1_19' title="bbox 166 2834 1342 2920; baseline 0 -17"><span class='ocrx_word' id='word_1_137' title='bbox 166 2840 205 2903; x_wconf 91' lang='lat' dir='ltr'><strong>In</strong></span> <span class='ocrx_word' id='word_1_138' title='bbox 237 2836 471 2920; x_wconf 90' lang='lat' dir='ltr'><strong>proseminario</strong></span> <span class='ocrx_word' id='word_1_139' title='bbox 502 2835 664 2917; x_wconf 82' lang='lat' dir='ltr'><strong>philologo</strong></span> <span class='ocrx_word' id='word_1_140' title='bbox 694 2834 922 2917; x_wconf 86' lang='lat' dir='ltr'><strong>Marpurgensi</strong></span> <span class='ocrx_word' id='word_1_141' title='bbox 954 2854 1012 2917; x_wconf 92' lang='lat' dir='ltr'><strong>per</strong></span> <span class='ocrx_word' id='word_1_142' title='bbox 1042 2838 1094 2900; x_wconf 89' lang='lat' dir='ltr'><strong>ter</strong></span> <span class='ocrx_word' id='word_1_143' title='bbox 1124 2855 1183 2902; x_wconf 86' lang='lat' dir='ltr'><strong>sex</strong></span> <span class='ocrx_word' id='word_1_144' title='bbox 1214 2856 1342 2903; x_wconf 89' lang='lat' dir='ltr'><strong>menses</strong></span> 
     </span>
     <span class='ocr_line' id='line_1_20' title="bbox 57 2940 1343 3028; baseline -0.002 -16"><span class='ocrx_word' id='word_1_145' title='bbox 57 2946 235 3028; x_wconf 76' lang='lat' dir='ltr'><strong>disciplina</strong></span> <span class='ocrx_word' id='word_1_146' title='bbox 255 2965 333 3010; x_wconf 92' lang='lat' dir='ltr'><strong>usus</strong></span> <span class='ocrx_word' id='word_1_147' title='bbox 350 2963 420 3010; x_wconf 93' lang='lat' dir='ltr'><strong>sum</strong></span> <span class='ocrx_word' id='word_1_148' title='bbox 436 2942 533 3007; x_wconf 87' lang='lat' dir='ltr'><strong>Birtii</strong></span> <span class='ocrx_word' id='word_1_149' title='bbox 549 2940 685 3006; x_wconf 89' lang='lat' dir='ltr'><strong>Maassii</strong></span> <span class='ocrx_word' id='word_1_150' title='bbox 700 2941 878 3007; x_wconf 85' lang='lat' dir='ltr'><strong>Wentzelii</strong></span> <span class='ocrx_word' id='word_1_151' title='bbox 901 2960 961 3007; x_wconf 85' lang='lat' dir='ltr'><strong>neo</strong></span> <span class='ocrx_word' id='word_1_152' title='bbox 985 2961 1050 3007; x_wconf 94' lang='lat' dir='ltr'><strong>non</strong></span> <span class='ocrx_word' id='word_1_153' title='bbox 1068 2941 1202 3026; x_wconf 83' lang='lat' dir='ltr'><strong>Georgii</strong></span> <span class='ocrx_word' id='word_1_154' title='bbox 1217 2943 1343 3020; x_wconf 81' lang='lat' dir='ltr'><strong>Thialii,</strong></span> 
     </span>
     <span class='ocr_line' id='line_1_21' title="bbox 59 3047 1344 3136; baseline -0.003 -17"><span class='ocrx_word' id='word_1_155' title='bbox 59 3053 117 3136; x_wconf 92' lang='lat' dir='ltr'><strong>qui</strong></span> <span class='ocrx_word' id='word_1_156' title='bbox 151 3053 273 3135; x_wconf 89' lang='lat' dir='ltr'><strong>primus</strong></span> <span class='ocrx_word' id='word_1_157' title='bbox 309 3051 449 3118; x_wconf 90' lang='lat' dir='ltr'><strong>animum</strong></span> <span class='ocrx_word' id='word_1_158' title='bbox 483 3068 588 3114; x_wconf 92' lang='lat' dir='ltr'><strong>meum</strong></span> <span class='ocrx_word' id='word_1_159' title='bbox 624 3048 665 3113; x_wconf 87' lang='lat' dir='ltr'><strong>ad</strong></span> <span class='ocrx_word' id='word_1_160' title='bbox 700 3047 953 3130; x_wconf 88' lang='lat' dir='ltr'><strong>Aristophanem</strong></span> <span class='ocrx_word' id='word_1_161' title='bbox 989 3048 1117 3114; x_wconf 85' lang='lat' dir='ltr'><strong>direxit.</strong></span> <span class='ocrx_word' id='word_1_162' title='bbox 1171 3050 1344 3116; x_wconf 86' lang='lat' dir='ltr'><strong>Seminarii</strong></span> 
     </span>
     <span class='ocr_line' id='line_1_22' title="bbox 58 3155 1343 3243; baseline -0.002 -18"><span class='ocrx_word' id='word_1_163' title='bbox 58 3160 216 3243; x_wconf 84' lang='lat' dir='ltr'><strong>philologi</strong></span> <span class='ocrx_word' id='word_1_164' title='bbox 240 3179 298 3241; x_wconf 89' lang='lat' dir='ltr'><strong>per</strong></span> <span class='ocrx_word' id='word_1_165' title='bbox 321 3178 379 3224; x_wconf 83' lang='lat' dir='ltr'><strong>sex</strong></span> <span class='ocrx_word' id='word_1_166' title='bbox 401 3175 531 3222; x_wconf 87' lang='lat' dir='ltr'><strong>menses</strong></span> <span class='ocrx_word' id='word_1_167' title='bbox 555 3155 686 3231; x_wconf 85' lang='lat' dir='ltr'><strong>sodalis,</strong></span> <span class='ocrx_word' id='word_1_168' title='bbox 717 3175 775 3237; x_wconf 90' lang='lat' dir='ltr'><strong>per</strong></span> <span class='ocrx_word' id='word_1_169' title='bbox 798 3174 858 3221; x_wconf 85' lang='lat' dir='ltr'><strong>sex</strong></span> <span class='ocrx_word' id='word_1_170' title='bbox 880 3175 1010 3222; x_wconf 90' lang='lat' dir='ltr'><strong>menses</strong></span> <span class='ocrx_word' id='word_1_171' title='bbox 1035 3156 1144 3221; x_wconf 88' lang='lat' dir='ltr'><strong>senior</strong></span> <span class='ocrx_word' id='word_1_172' title='bbox 1166 3155 1215 3222; x_wconf 84' lang='lat' dir='ltr'><strong>fui</strong></span> <span class='ocrx_word' id='word_1_173' title='bbox 1237 3157 1343 3223; x_wconf 89' lang='lat' dir='ltr'><strong>Birtio</strong></span> 
     </span>
     <span class='ocr_line' id='line_1_23' title="bbox 62 3261 1342 3349; baseline -0.003 -16"><span class='ocrx_word' id='word_1_174' title='bbox 62 3271 96 3334; x_wconf 88' lang='lat' dir='ltr'><strong>et</strong></span> <span class='ocrx_word' id='word_1_175' title='bbox 120 3267 264 3332; x_wconf 89' lang='lat' dir='ltr'><strong>Maassio</strong></span> <span class='ocrx_word' id='word_1_176' title='bbox 288 3265 488 3349; x_wconf 86' lang='lat' dir='ltr'><strong>regentibus.</strong></span> <span class='ocrx_word' id='word_1_177' title='bbox 533 3263 714 3328; x_wconf 78' lang='lat' dir='ltr'><strong>Seminario</strong></span> <span class='ocrx_word' id='word_1_178' title='bbox 738 3261 892 3328; x_wconf 84' lang='lat' dir='ltr'><strong>historico</strong></span> <span class='ocrx_word' id='word_1_179' title='bbox 916 3283 975 3344; x_wconf 94' lang='lat' dir='ltr'><strong>per</strong></span> <span class='ocrx_word' id='word_1_180' title='bbox 1000 3281 1057 3328; x_wconf 83' lang='lat' dir='ltr'><strong>sex</strong></span> <span class='ocrx_word' id='word_1_181' title='bbox 1080 3282 1208 3328; x_wconf 89' lang='lat' dir='ltr'><strong>menses</strong></span> <span class='ocrx_word' id='word_1_182' title='bbox 1232 3263 1342 3330; x_wconf 91' lang='lat' dir='ltr'><strong>Niesio</strong></span> 
     </span>
     <span class='ocr_line' id='line_1_24' title="bbox 57 3369 1342 3453; baseline -0.003 -13"><span class='ocrx_word' id='word_1_183' title='bbox 57 3379 205 3453; x_wconf 75' lang='lat' dir='ltr'><strong>rectore,</strong></span> <span class='ocrx_word' id='word_1_184' title='bbox 237 3372 410 3438; x_wconf 90' lang='lat' dir='ltr'><strong>seminario</strong></span> <span class='ocrx_word' id='word_1_185' title='bbox 442 3369 662 3452; x_wconf 75' lang='lat' dir='ltr'><strong>philosophico</strong></span> <span class='ocrx_word' id='word_1_186' title='bbox 687 3389 745 3450; x_wconf 91' lang='lat' dir='ltr'><strong>per</strong></span> <span class='ocrx_word' id='word_1_187' title='bbox 767 3369 850 3435; x_wconf 89' lang='lat' dir='ltr'><strong>idem</strong></span> <span class='ocrx_word' id='word_1_188' title='bbox 875 3373 1003 3451; x_wconf 89' lang='lat' dir='ltr'><strong>tempus</strong></span> <span class='ocrx_word' id='word_1_189' title='bbox 1027 3369 1184 3452; x_wconf 87' lang='lat' dir='ltr'><strong>Natorpio</strong></span> <span class='ocrx_word' id='word_1_190' title='bbox 1214 3374 1342 3436; x_wconf 77' lang='lat' dir='ltr'><strong>rectore</strong></span> 
     </span>
     <span class='ocr_line' id='line_1_25' title="bbox 57 3476 1342 3559; baseline -0.003 -12"><span class='ocrx_word' id='word_1_191' title='bbox 57 3480 203 3547; x_wconf 84' lang='lat' dir='ltr'><strong>interfui.</strong></span> <span class='ocrx_word' id='word_1_192' title='bbox 251 3477 550 3544; x_wconf 79' lang='lat' dir='ltr'><strong>Exercitationibus</strong></span> <span class='ocrx_word' id='word_1_193' title='bbox 582 3476 754 3559; x_wconf 78' lang='lat' dir='ltr'><strong>philologIs</strong></span> <span class='ocrx_word' id='word_1_194' title='bbox 786 3476 925 3559; x_wconf 87' lang='lat' dir='ltr'><strong>henigne</strong></span> <span class='ocrx_word' id='word_1_195' title='bbox 956 3496 1007 3542; x_wconf 89' lang='lat' dir='ltr'><strong>me</strong></span> <span class='ocrx_word' id='word_1_196' title='bbox 1039 3477 1239 3543; x_wconf 86' lang='lat' dir='ltr'><strong>admiserunt</strong></span> <span class='ocrx_word' id='word_1_197' title='bbox 1269 3478 1342 3544; x_wconf 90' lang='lat' dir='ltr'><strong>Birt</strong></span> 
     </span>
     <span class='ocr_line' id='line_1_26' title="bbox 58 3586 420 3654; baseline -0.017 1"><span class='ocrx_word' id='word_1_198' title='bbox 58 3587 262 3654; x_wconf 84' lang='lat' dir='ltr'><strong>Kalbfleisoh</strong></span> <span class='ocrx_word' id='word_1_199' title='bbox 286 3586 420 3650; x_wconf 80' lang='lat' dir='ltr'><strong>Thumh.</strong></span> 
     </span>
    </p>

    <p class='ocr_par' dir='ltr' id='par_1_7' title="bbox 57 3689 1342 4094">
     <span class='ocr_line' id='line_1_27' title="bbox 168 3689 1342 3776; baseline -0.003 -18"><span class='ocrx_word' id='word_1_200' title='bbox 168 3693 293 3776; x_wconf 75' lang='lat' dir='ltr'><strong>Quibus</strong></span> <span class='ocrx_word' id='word_1_201' title='bbox 313 3691 393 3758; x_wconf 89' lang='lat' dir='ltr'><strong>viris</strong></span> <span class='ocrx_word' id='word_1_202' title='bbox 409 3690 556 3756; x_wconf 89' lang='lat' dir='ltr'><strong>omnibns</strong></span> <span class='ocrx_word' id='word_1_203' title='bbox 580 3689 707 3772; x_wconf 86' lang='lat' dir='ltr'><strong>gratias</strong></span> <span class='ocrx_word' id='word_1_204' title='bbox 732 3709 818 3755; x_wconf 86' lang='lat' dir='ltr'><strong>nuno</strong></span> <span class='ocrx_word' id='word_1_205' title='bbox 840 3690 944 3755; x_wconf 91' lang='lat' dir='ltr'><strong>haheo</strong></span> <span class='ocrx_word' id='word_1_206' title='bbox 970 3689 1128 3755; x_wconf 84' lang='lat' dir='ltr'><strong>maximas</strong></span> <span class='ocrx_word' id='word_1_207' title='bbox 1153 3709 1342 3772; x_wconf 88' lang='lat' dir='ltr'><strong>semperque</strong></span> 
     </span>
     <span class='ocr_line' id='line_1_28' title="bbox 57 3796 1341 3880; baseline -0.003 -12"><span class='ocrx_word' id='word_1_208' title='bbox 57 3803 201 3880; x_wconf 87' lang='lat' dir='ltr'><strong>habebo,</strong></span> <span class='ocrx_word' id='word_1_209' title='bbox 234 3804 310 3864; x_wconf 89' lang='lat' dir='ltr'><strong>ante</strong></span> <span class='ocrx_word' id='word_1_210' title='bbox 335 3817 445 3864; x_wconf 90' lang='lat' dir='ltr'><strong>omnes</strong></span> <span class='ocrx_word' id='word_1_211' title='bbox 468 3816 546 3864; x_wconf 88' lang='lat' dir='ltr'><strong>vero</strong></span> <span class='ocrx_word' id='word_1_212' title='bbox 570 3797 739 3862; x_wconf 78' lang='lat' dir='ltr'><strong>Theodoro</strong></span> <span class='ocrx_word' id='word_1_213' title='bbox 763 3797 853 3877; x_wconf 84' lang='lat' dir='ltr'><strong>Birt,</strong></span> <span class='ocrx_word' id='word_1_214' title='bbox 885 3796 936 3862; x_wconf 86' lang='lat' dir='ltr'><strong>oui</strong></span> <span class='ocrx_word' id='word_1_215' title='bbox 959 3798 1096 3862; x_wconf 86' lang='lat' dir='ltr'><strong>mulium</strong></span> <span class='ocrx_word' id='word_1_216' title='bbox 1120 3799 1238 3878; x_wconf 88' lang='lat' dir='ltr'><strong>debeo,</strong></span> <span class='ocrx_word' id='word_1_217' title='bbox 1269 3799 1341 3879; x_wconf 91' lang='lat' dir='ltr'><strong>plus</strong></span> 
     </span>
     <span class='ocr_line' id='line_1_29' title="bbox 59 3903 1342 3990; baseline -0.003 -16"><span class='ocrx_word' id='word_1_218' title='bbox 59 3928 158 3990; x_wconf 90' lang='lat' dir='ltr'><strong>quam</strong></span> <span class='ocrx_word' id='word_1_219' title='bbox 181 3908 242 3972; x_wconf 88' lang='lat' dir='ltr'><strong>hoo</strong></span> <span class='ocrx_word' id='word_1_220' title='bbox 264 3907 335 3971; x_wconf 84' lang='lat' dir='ltr'><strong>loco</strong></span> <span class='ocrx_word' id='word_1_221' title='bbox 360 3905 526 3970; x_wconf 83' lang='lat' dir='ltr'><strong>affirmare</strong></span> <span class='ocrx_word' id='word_1_222' title='bbox 549 3923 696 3986; x_wconf 87' lang='lat' dir='ltr'><strong>possum,</strong></span> <span class='ocrx_word' id='word_1_223' title='bbox 727 3903 873 3985; x_wconf 88' lang='lat' dir='ltr'><strong>inprimis</strong></span> <span class='ocrx_word' id='word_1_224' title='bbox 896 3923 975 3970; x_wconf 85' lang='lat' dir='ltr'><strong>vero</strong></span> <span class='ocrx_word' id='word_1_225' title='bbox 1003 3904 1099 3984; x_wconf 87' lang='lat' dir='ltr'><strong>illud,</strong></span> <span class='ocrx_word' id='word_1_226' title='bbox 1132 3910 1167 3970; x_wconf 82' lang='lat' dir='ltr'><strong>ut</strong></span> <span class='ocrx_word' id='word_1_227' title='bbox 1192 3905 1342 3970; x_wconf 82' lang='lat' dir='ltr'><strong>adhunc</strong></span> 
     </span>
     <span class='ocr_line' id='line_1_30' title="bbox 57 4010 1342 4094; baseline -0.005 -12"><span class='ocrx_word' id='word_1_228' title='bbox 57 4015 230 4082; x_wconf 88' lang='lat' dir='ltr'><strong>materiam</strong></span> <span class='ocrx_word' id='word_1_229' title='bbox 253 4013 459 4079; x_wconf 82' lang='lat' dir='ltr'><strong>tractandam</strong></span> <span class='ocrx_word' id='word_1_230' title='bbox 490 4031 541 4076; x_wconf 87' lang='lat' dir='ltr'><strong>me</strong></span> <span class='ocrx_word' id='word_1_231' title='bbox 564 4010 756 4076; x_wconf 85' lang='lat' dir='ltr'><strong>invitaverit</strong></span> <span class='ocrx_word' id='word_1_232' title='bbox 788 4011 878 4076; x_wconf 88' lang='lat' dir='ltr'><strong>etin</strong></span> <span class='ocrx_word' id='word_1_233' title='bbox 902 4011 1080 4076; x_wconf 84' lang='lat' dir='ltr'><strong>tractanda</strong></span> <span class='ocrx_word' id='word_1_234' title='bbox 1109 4010 1342 4094; x_wconf 88' lang='lat' dir='ltr'><strong>benignissime</strong></span> 
     </span>
    </p>
   </div>
   <div class='ocr_carea' id='block_1_4' title="bbox 57 4121 233 4190">
    <p class='ocr_par' dir='ltr' id='par_1_8' title="bbox 57 4121 233 4190">
     <span class='ocr_line' id='line_1_31' title="bbox 57 4121 233 4190; baseline -0.023 0"><span class='ocrx_word' id='word_1_235' title='bbox 57 4121 233 4190; x_wconf 86' lang='lat' dir='ltr'><strong>adiuuerit.</strong></span> 
     </span>
    </p>
   </div>
   <div class='ocr_carea' id='block_1_5' title="bbox 0 0 1392 4906">
    <p class='ocr_par' dir='ltr' id='par_1_9' title="bbox 0 0 1392 4906">
     <span class='ocr_line' id='line_1_32' title="bbox 0 0 1392 4906; baseline 0 0"><span class='ocrx_word' id='word_1_236' title='bbox 0 0 1392 4906; x_wconf 95' lang='lat' dir='ltr'><strong> </strong></span> 
     </span>
    </p>
   </div>
  </div>
 </body>
</html>
