2776 4906
608 351 828 431 ,54-

241 558 300 642 ἐγώ
325 559 364 623 δὲ
387 559 474 644 πρὸς
496 558 535 622 τὸ
560 560 699 622 δεῖπνον
722 554 787 645 ήδη
810 557 990 644 ’πείξομαι
1075 561 1162 627 ΕοσΙ.
1188 557 1278 624 1149

241 663 304 747 ἔχω
327 666 366 730 δέ
390 689 442 730 τοι
464 667 519 729 καὶ
544 666 635 750 δᾷδα
657 668 794 752 ταυτηνὶ
816 665 930 739 καλῶς.

240 771 368 857 φεύγεις
375 797 387 851 ,·
411 770 548 854 ἔμελλον
572 769 602 834 α’
625 764 691 854 ἄρα
713 771 860 856 κινήσειν
883 770 942 854 ἐγώ
1069 775 1151 841 Nub.
1178 771 1266 839 1301

240 877 352 953 αὐτοῖς
375 881 504 963 τροχοῖς
526 880 595 951 τοῖς
619 879 709 941 σοῖσι
731 878 787 940 καὶ
811 881 994 963 ξυνωρίσιν.

737 982 846 1046 κλάων
868 1007 902 1065 γε
925 983 981 1064 ον’,
1073 984 1245 1053 11011827

241 1089 336 1176 εἰμὴ
360 1090 494 1173 ’τὲρωσε
517 1091 779 1174 συκοφαντήσεις
801 1090 934 1171 τρέχων.

455 1196 513 1260 οὐκ
535 1195 689 1269 ἀποίσεις
711 1195 788 1270 τούς
810 1196 950 1278 νόμους,·
1073 1200 1133 1266 AV.
1159 1198 1249 1264 1044

242 1302 377 1389 πικροὺς
401 1303 460 1387 ἐγώ
486 1322 540 1368 σοι
563 1303 705 1387 τήμερον
729 1303 828 1378 δείξω
850 1301 982 1385 νόμους.

410 1407 574 1475 ”obnube
597 1408 738 1491 ἑτέρωσε
760 1410 926 1497 πετομένη
1073 1416 1134 1481 AV.
1160 1411 1249 1478 1260

240 1518 506 1590 καταιθαλώσεις
528 1519 594 1580 τῶν
616 1516 782 1601 νεωτέρων
804 1517 901 1601 τινά,Ι

242 1624 300 1690 οὐκ
322 1616 356 1687 εἶ
374 1622 486 1708 λαβών
509 1624 638 1706 θύραζε
660 1624 703 1686 τά
728 1629 935 1708 ψηφίσματα
1071 1627 1173 1694 Arist.
1197 1627 1237 1693 fr.
1262 1627 1305 1692 58

214 1729 296 1795 *καὶ
318 1730 379 1818 τήν
403 1729 544 1816 ἀνάγκην
567 1728 600 1804 ἐς
621 1729 763 1812 κόρακας
788 1727 961 1795 ἐντευθενί
964 1756 977 1809 ,·

186 1859 259 1923 Non
283 1857 391 1923 omnia
414 1876 497 1938 quae
526 1860 661 1922 exstant
691 1857 839 1938 exempla
868 1858 997 1938 protuli.
1044 1859 1106 1942 Qui
1129 1859 1308 1942 Aristopha

81 1965 211 2031 fabulas
236 1968 270 2030 et
293 1964 448 2045 antiquae
473 1963 658 2030 comoediae
681 1962 869 2046 fragmenta
895 1965 1056 2047 perleget,
1087 1967 1183 2048 plura
1206 1966 1308 2032 inveu:

81 2075 228 2138 attamen
263 2071 453 2138 observabit
486 2074 524 2136 ut
555 2070 830 2152 Shakespearium
865 2075 899 2136 et
929 2071 1120 2139 Sehillerum
1155 2073 1205 2138 ita
1236 2073 1308 2139 Aris

79 2180 220 2261 phauem
244 2197 370 2260 quoque
393 2178 496 2243 libere
520 2197 578 2244 suo
603 2176 740 2243 artifieio
765 2197 857 2242 usum
882 2197 964 2244 esse.
1010 2180 1081 2246 Lex
1105 2180 1188 2246 enim
1214 2183 1304 2246 oerta

78 2285 239 2354 inviolata
261 2285 295 2350 in
319 2285 441 2351 talibus
465 2285 593 2351 omuino
617 2304 681 2350 non
706 2285 894 2366 quaerenda
917 2282 1008 2370 ese1)

707 2541 736 2608 6.

243 2667 299 2732 ὁδὶ
322 2666 360 2732 δὲ
383 2665 517 2740 καύτός·
542 2664 614 2729 ἀλλ’
638 2661 748 2749 ἄνοιγε
771 2667 831 2751 τήν
854 2667 975 2753 θύραν.
1072 2672 1151 2736 th.
1178 2670 1262 2736 1189

81 2796 174 2861 Haeo
204 2795 308 2862 verba
339 2794 381 2859 ad
412 2812 509 2858 unum
527 2793 666 2862 *direota
697 2796 773 2858 suut
804 2812 988 2874 servorum,
1024 2796 1078 2875 qui
1107 2815 1161 2861 res
1193 2798 1307 2862 scaeui

83 2903 244 2968 curabant
276 2904 374 2982 atque
405 2903 533 2966 attente
562 2900 643 2964 illud
673 2895 782 2982 ἄνοιγε
814 2904 1006 2983 exspectare
1035 2903 1208 2999 debebant.
1255 2905 1305 2970 No

83 3011 204 3074 uantur
241 3027 330 3074 servi
363 3010 421 3072 isti
456 3005 600 3069 ενδοθὲν
629 3029 677 3080 τις
715 3007 769 3075 vel
800 3008 871 3086 τὶς,·
910 3007 961 3073 bis
993 3010 1123 3074 Manem
1160 3009 1271 3077 inveni

83 3116 259 3197 pellatum:
694 3108 704 3123 “
836 3210 839 3215 Ι

216 3223 363 3303 *Μανῆς
386 3220 424 3283 δὲ
448 3219 574 3304 φερέτω
596 3243 653 3301 μοι
675 3220 805 3302 θύραζε
827 3219 870 3283 τά
894 3221 1012 3305 πτερά.
1073 3225 1134 3290 AV.
1160 3222 1241 3289 1311

198 3326 291 3409 **μοὶ
308 3325 364 3390 Δί’
381 3325 468 3390 α’λλά
491 3329 590 3390 τοῦτό
614 3325 640 3409 γ’
657 3325 761 3391 οἴκαδ’
778 3321 803 3391 ιδ
818 3331 922 3410 Μανή
945 3329 1034 3415 φέρε.
1073 3331 1151 3413 Lys.
1175 3328 1240 3395 908

84 3455 207 3520 Versus
232 3453 326 3519 allati
349 3452 432 3518 artis
457 3452 665 3534 expolitiores
689 3471 755 3518 non
779 3456 863 3519 suut.
902 3453 1009 3520 Aliter
1031 3475 1109 3522 vero
1133 3475 1186 3521 res
1212 3475 1247 3521 se
1263 3457 1308 3521 ha‘

83 3560 117 3625 in
140 3560 291 3628 versibus
314 3559 382 3626 his:

244 3681 403 3767 ἐνεγκάτω
426 3706 475 3757 τις
498 3679 642 3748 ἔνδοθεν
664 3687 729 3748 τῶν
752 3683 908 3767 ἰσχάδων.
1073 3687 1154 3753 Aeh.
1178 3685 1242 3751 805

244 3788 404 3874 ἐνεγκάτω
426 3813 474 3864 τις
497 3787 639 3854 ἔνδοθεν
663 3789 739 3876 δᾷδ’
762 3787 782 3876 ἢ
807 3790 935 3873 λύχνον.
1074 3795 1201 3860 Thesm.
1225 3792 1288 3858 238

722 3899 760 3961 τὸ
784 3899 938 3983 κρεᾴδιον
1075 3900 1159 3966 Plut.
1184 3899 1247 3965 227

244 4007 310 4068 τῶν
332 4000 458 4069 ἐ’δοθὲν
480 4028 528 4079 τις
551 4003 760 4088 εἰσενεγκάτω
784 4003 906 4089 λαβών.

193 4247 221 4313 1)
238 4247 309 4303 Nub.
329 4250 382 4301 887
405 4234 464 4319 ἐγώ
481 4234 511 4301 δ’
526 4235 732 4321 ἀπέσσομαι.
748 4296 784 4302 -
798 4238 897 4301 τοῦτό
921 4260 979 4301 νον
1000 4236 1140 4324 μέμνητ’
1158 4228 1288 4310 ὅπως..

244 4337 288 4392 Sio
312 4337 376 4406 AR3
405 4322 464 4406 ἐγὼ
481 4325 510 4389 δ’
527 4324 699 4409 άπὲσομαι
721 4337 804 4406 relq.;
824 4336 962 4392 Bentleius
986 4324 1046 4408 ἐγώ
1063 4324 1092 4389 δ’
1110 4323 1234 4408 ἄπειμι.

85 4426 191 4482 Faverit
208 4427 272 4482 huio
289 4429 397 4484 Bentlei
416 4426 588 4484 coniecturae
608 4425 740 4496 exempla,
760 4442 828 4493 quae
847 4442 928 4495 supra
946 4425 1054 4494 eollegi.
